2202 3724
268 305 445 342 IOELVS
1127 295 1209 339 152
1697 302 2065 340 1N1NTH1MAEVS

268 438 321 478 14
350 435 489 477 Icelus
521 434 608 488 (hic
639 435 729 475 eius
762 432 947 474 traditur
976 431 1093 475 Suet.
1121 430 1226 475 Ner.
1245 432 1332 486 49),
1364 430 1530 474 Galbae
1559 431 1751 487 libertus,
1781 448 1819 475 a.
1841 433 1896 476 (58
1926 435 2064 490 primo

351 503 535 545 tumultu
566 503 610 542 in
639 500 817 542 vincula
857 501 1074 542 coniectus
1111 514 1137 540 a
1165 499 1339 541 Nerone
1369 499 1486 543 Suet.
1518 499 1635 542 Nero
1662 503 1730 544 49.
1789 501 1945 543 Postea
1972 503 2063 544 vin-

347 570 454 613 culis
486 569 718 624 exsolutus,
756 575 804 611 ut
833 583 990 624 corpus
1020 568 1204 610 Neronis
1238 573 1503 610 cremaretur
1541 570 1736 624 permisit
1774 570 1829 615 ib.
1890 571 2062 628 Septem

346 638 496 680 diebus
527 638 680 679 itinere
710 638 754 678 in
783 637 1039 692 Hispaniam
1069 635 1264 678 confecto
1288 635 1454 680 Galbae
1480 637 1650 679 nuntiat
1668 637 1854 680 Neronis
1884 646 2063 682 mortem

345 706 461 750 Ρῐιιῖ.
486 704 612 748 Galb.
637 707 664 747 7
691 705 744 758 cf.
769 705 882 747 διιεῖ.
909 703 1035 746 Galb.
1058 707 1133 748 22.
1174 703 1330 746 Anulis
1353 705 1496 746 aureis
1518 711 1560 747 et
1578 705 1790 747 Marciani
1812 708 2064 762 cognomine

343 780 517 816 ornatus
543 773 640 816 Tae.
662 772 703 814 h.
724 776 762 822 1,
785 775 862 824 13;
883 772 998 815 διιεῖ.
1023 771 1149 816 Galb.
1172 775 1248 823 14;
1278 771 1398 816 Plut.
1423 772 1448 816 l.
1471 786 1504 816 ε.
1546 773 1722 816 Summa
1741 774 1857 830 apud
1879 774 2062 818 Galbam

342 842 533 898 potentia
568 841 665 883 Tae.
697 840 736 885 h.
768 844 806 891 1,
839 844 916 892 13;
946 840 1061 884 Suet.
1087 839 1215 883 Galb.
1236 843 1300 891 14,
1334 840 1609 896 paedagogus
1640 842 1729 883 eius
1758 841 1891 897 vulgo
1921 843 2062 886 dictus

342 910 456 953 διιεῖ.
478 909 504 953 l.
529 923 562 953 ε.
585 909 697 964 (iude
729 909 870 952 Victor
891 923 952 963 ep.
974 908 1039 963 6),·
1069 909 1125 962 ef.
1147 908 1269 951 Plut.
1294 908 1421 953 Gall).
1443 912 1515 952 20.
1566 910 1744 952 Vinium
1775 910 1865 952 odit
1900 911 1998 954 Tac.
2020 911 2060 957 h.

338 982 376 1029 1,
397 981 451 1020 33
480 978 534 1031 ef.
558 991 590 1021 c.
613 981 680 1020 13.
714 976 929 1021 'Avaritia
959 978 1050 1019 eius
1086 977 1185 1019 Tae.
1208 977 1248 1020 h.
1269 980 1308 1028 1,
1329 980 1397 1020 37.
1457 976 1610 1020 Occiso
1642 976 1784 1020 Galba
1813 979 1859 1020 in
1886 993 1985 1021 eum
2016 986 2063 1022 ut

338 1047 382 1088 in
410 1046 611 1088 libertum
632 1045 775 1101 palam
797 1045 1144 1087 animadversum
1170 1045 1268 1087 Tae.
1287 1049 1326 1096 1,
1347 1048 1414 1088 46.
1438 1070 1490 1076 —
1511 1045 1732 1088 Ferebant
1752 1060 1850 1088 eum
1870 1062 1896 1089 a
1918 1046 2061 1091 Galba

336 1120 580 1170 stupratum
612 1114 726 1157 Suet.
757 1113 884 1156 Galb.
904 1117 980 1158 22.
1010 1138 1068 1143 ——
1093 1114 1352 1156 Nominatur
1387 1114 1486 1156 Tae.
1507 1113 1547 1158 h.
1572 1117 1615 1165 2,
1638 1116 1703 1157 95.

255 1183 303 1225 15
333 1183 384 1226 L.
415 1182 530 1225 Icius
571 1180 648 1234 (sie
682 1182 952 1234 Torrentius;
990 1182 1137 1224 Lioius
1167 1182 1230 1224 vel
1259 1182 1423 1238 Lycius
1453 1182 1516 1224 vel
1545 1182 1687 1224 Litius
1719 1182 1851 1241 libri),
1892 1183 2059 1226 adules-

335 1250 529 1292 centulus
569 1250 747 1292 honeste
788 1257 935 1304 natus,
981 1249 1036 1292 ab
1078 1249 1275 1305 Augusto
1316 1249 1490 1306 publice
1531 1249 1751 1292 exhibitus
1794 1251 1926 1307 ‘quod
1968 1258 2060 1295 erat

333 1318 520 1375 bipedali
571 1318 731 1373 minor,
783 1318 993 1361 librarum
1043 1318 1349 1374 septemdecim
1397 1324 1438 1360 et
1482 1319 1600 1360 vocis
1646 1320 1895 1361 immensae‘
1942 1320 2058 1363 διιεῖ.

335 1386 449 1441 Auy.
480 1390 547 1430 43.

252 1455 303 1497 16
333 1454 421 1509 Ide,
454 1454 580 1497 Decii
609 1454 762 1496 Mundi
794 1455 948 1510 equitis
979 1455 1162 1497 Romani
1192 1453 1371 1509 liberta,
1410 1453 1557 1496 dolum
1587 1468 1665 1510 per
1694 1469 1822 1510 quem
1851 1462 2059 1512 patronus

333 1522 517 1565 Paulina
544 1523 755 1578 potiretur
785 1524 1045 1579 composuit:
1084 1523 1256 1577 cognita
1285 1536 1333 1564 re
1361 1522 1407 1563 in
1448 1536 1619 1564 crucem
1658 1522 1822 1565 tollitur
1855 1524 2059 1579 Iosephus

334 1594 421 1634 αιιῖ.
443 1593 509 1641 18,
532 1593 572 1642 3,
593 1594 632 1633 4.
881 1633 885 1636 s

251 1659 300 1702 17
332 1658 518 1701 Ilasarus
563 1673 643 1700 rex
678 1658 874 1701 Arabum
912 1658 1334 1713 Rhammanitarum,
1387 1672 1572 1715 quorum
1612 1658 1821 1715 oppidum
1859 1659 2057 1703 Mariaba

246 1742 248 1744 ’
331 1727 494 1769 frustra
522 1726 691 1769 obsedit
722 1726 875 1770 Aelius
907 1726 1059 1771 Gallus
1091 1727 1145 1781 (a.
1168 1743 1209 1770 u.
1231 1742 1266 1769 c.
1290 1727 1390 1781 730)
1423 1726 1582 1770 Strabo
1606 1730 1670 1777 16,
1690 1731 1729 1778 4,
1751 1730 1809 1771 24
1828 1741 1878 1782 p.
1902 1730 1998 1774 782.

247 1820 303 1826 —-
332 1795 468 1838 Iulius
498 1795 648 1838 Indus.

250 1866 300 1907 18
331 1870 583 1906 INGENVVS
605 1863 811 1919 (Ingebus
833 1863 992 1918 Victor)
1015 1863 1094 1907 sub
1111 1863 1310 1908 Gallieno
1333 1864 1579 1906 Pannonias
1601 1863 1779 1918 regebat
1799 1864 1896 1919 triy.
1914 1868 1992 1920 tyr.
2006 1869 2056 1918 9,·

332 1932 434 1975 Vici.
453 1931 572 1975 Caes.
583 1935 649 1982 33,
666 1936 708 1982 2,
727 1933 900 1987 coniugi
921 1931 1113 1974 Gallieni
1135 1938 1361 1988 suspectus
1373 1931 1620 1986 Auonymus
1631 1934 1734 1986 post
1748 1931 1930 1975 Dionem
1945 1932 2054 1989 (Dio

332 2000 392 2042 eol.
409 1999 607 2054 Dindorf
631 2000 866 2057 Vp.221)‚·
896 2001 932 2042 is
955 2006 1176 2057 comperta
1195 1999 1418 2043 Valeriani
1441 1999 1564 2042 clade
1595 1999 1737 2043 Victor
1769 1999 1796 2042 l.
1828 2013 1877 2051 c.,
1909 2015 1947 2043 a.
1970 2002 2053 2044 258

332 2069 426 2123 triy.
450 2071 529 2123 tyr.
552 2068 578 2112 l.
601 2082 649 2119 6.,
673 2084 698 2110 a
718 2068 944 2111 Moesiacis
965 2068 1209 2123 legionibus
1230 2069 1465 2125 imperator
1487 2074 1549 2110 est
1568 2067 1710 2110 dictus
1730 2068 1828 2123 triy.
1851 2071 1930 2123 tyr.
1954 2068 1980 2111 l.
2004 2082 2052 2120 e.,

331 2137 528 2179 Zonaras
548 2138 618 2187 12,
641 2140 723 2188 24;
757 2137 904 2180 Sirmii
936 2138 1165 2193 (tyrannus
1187 2136 1285 2192 fuit)
1309 2136 1492 2179 Polemii
1512 2136 1640 2179 Silvii
1659 2135 1901 2179 laterculus.
1940 2137 2053 2180 Eum

331 2204 556 2248 Gallienus
573 2205 688 2261 apud
702 2205 895 2247 Mursam
912 2205 1072 2248 devicit
1088 2205 1230 2248 Victor
1246 2205 1272 2249 l.
1291 2219 1337 2256 c.,
1354 2204 1534 2260 Eutrop.
1547 2208 1586 2255 9,
1598 2207 1638 2256 8,
1660 2204 1779 2249 Oros.
1793 2208 1830 2256 7,
1842 2207 1917 2256 22,
1938 2205 2054 2247 circa

328 2273 534 2315 Sirmium
557 2273 675 2324 Zou„
701 2274 875 2328 egregia
895 2273 1075 2316 Aureoli
1098 2288 1229 2330 opera
1250 2274 1295 2315 in
1323 2288 1374 2315 ea
1393 2287 1541 2330 pugna
1560 2287 1662 2315 usus
1684 2273 1790 2317 Zon.
1830 2273 2052 2328 Ingenuus

330 2342 374 2382 in
405 2341 508 2396 fuga
537 2357 563 2383 a
592 2342 868 2397 stipatoribus
899 2343 986 2384 suis
1009 2343 1175 2385 occisus
1197 2342 1302 2385 Zou.
1326 2341 1396 2397 (ef.
1419 2342 1516 2396 triy.
1539 2344 1618 2396 tyr.
1640 2344 1679 2391 9,
1699 2344 1739 2392 4,
1770 2340 1845 2384 sed
1871 2342 1909 2383 is
1939 2341 2054 2384 loeus

330 2412 552 2462 corruptus
582 2412 670 2466 est).
711 2411 762 2452 In
795 2411 886 2452 eius
917 2411 1053 2452 socios
1084 2410 1318 2453 crudeliter
1346 2410 1555 2452 saevitum
1576 2424 1602 2451 a
1622 2408 1819 2453 Gallieno
1848 2409 1944 2465 triy.
1971 2413 2051 2465 tyr.

330 2479 368 2527 9,
389 2480 417 2518 3
436 2490 516 2531 seq.
529 2491 542 2528 ,·
571 2477 819 2532 Auouymus
840 2481 941 2532 post
959 2478 1141 2522 Diouem
1172 2477 1277 2531 (Dio
1300 2477 1361 2522 ed.
1383 2477 1583 2531 Diuolorf
1606 2477 1648 2519 V
1660 2491 1708 2531 Ρ.
1729 2476 1848 2532 221).
1889 2477 2050 2521 Memo-

329 2551 449 2587 ratur
470 2546 565 2600 triy.
587 2549 666 2600 tyr.
683 2549 748 2596 10,
767 2549 805 2588 1.
823 2549 898 2598 14,·
923 2547 994 2589 vit.
1019 2546 1195 2590 Claudii
1210 2550 1246 2597 7,
1262 2550 1313 2599 4,·
1332 2546 1547 2589 Ammiau.
1572 2545 1715 2589 Mare.
1735 2548 1806 2596 21,
1827 2548 1893 2596 16,
1914 2549 1981 2588 10.
1999 2570 2048 2575 -

330 2612 505 2654 Nummi
531 2613 586 2668 (si
605 2615 812 2668 eoeeeperis
841 2615 972 2669 fictos,
1004 2615 1067 2658 vel
1098 2615 1279 2658 aliorum
1303 2614 1413 2657 male
1434 2613 1571 2665 lectos,
1598 2613 1652 2668 ef.
1681 2612 1822 2656 Coheu
1842 2613 1903 2656 ed.
1924 2617 1957 2658 2
1982 2613 2050 2657 VI

330 2695 377 2734 p.
399 2680 440 2734 1)
469 2681 579 2723 nulli
606 2682 891 2727 innotuerunt.

243 2771 300 2776 —
331 2754 371 2790 C.
402 2755 566 2791 IVLIVS
598 2756 866 2793 INGENVVS.

248 2816 298 2858 19
328 2817 639 2872 Inguiomerus,
662 2817 850 2860 Arminii
870 2824 1062 2875 patruus,
1088 2824 1235 2861 vetere
1255 2817 1371 2875 apud
1391 2819 1606 2860 Romanos
1635 2818 1902 2873 auctoritate,
1934 2833 1973 2861 a.
1996 2819 2048 2862 15

329 2885 373 2926 in
404 2891 546 2941 partes
576 2884 761 2928 Arminii
792 2888 947 2929 transit
980 2887 1077 2932 Tae.
1101 2901 1141 2930 a.
1171 2890 1211 2938 1,
1233 2890 1300 2929 60.
1360 2885 1523 2929 Contra
1553 2887 1768 2928 Romanos
1798 2892 1964 2942 pugnat
1991 2887 2049 2931 ib.

244 2967 246 2970 ⁴
331 2965 364 2994 e.
395 2955 448 2994 68
458 2966 471 3004 ;
498 2957 541 3004 2,
563 2957 629 2998 17.
650 2957 720 2997 21.
780 2954 890 2998 Cum
918 2970 1048 2998 manu
1078 2955 1299 2998 clientium
1334 2954 1390 2997 ad
1419 2954 1735 2997 Maroboduum
1774 2953 1964 3010 perfugit
1989 2955 2048 2998 ib.

332 3034 364 3064 ε.
391 3023 457 3063 45.
487 3024 551 3065 46.

245 3088 299 3129 20
331 3088 413 3140 (Ti.
431 3088 585 3144 Iulius)
602 3090 914 3134 Ininthimaeus
935 3107 1013 3134 rex
1029 3092 1221 3148 Bospori.
1256 3091 1453 3134 Nummi:
1474 3090 1648 3133 Koelme
1663 3091 1800 3133 muse'e
1812 3089 2049 3133 Kotschou-

331 3156 405 3210 begs
424 3157 486 3198 II
498 3171 545 3211 p.
566 3160 650 3201 325
674 3171 768 3212 seq„
799 3159 1093 3202 Buratsehkov
1119 3160 1205 3204 tab.
1227 3159 1426 3202 XXXII
1445 3173 1485 3202 u.
1506 3162 1587 3201 311
1606 3172 1703 3212 seq„
1731 3158 1829 3201 Giel
1846 3157 2049 3214 Beitrc'iye

328 3237 403 3265 eur
435 3224 724 3268 Numismatili
755 3227 1069 3270 Sudrusslands
1099 3228 1305 3283 (Moskau
1334 3230 1458 3284 1886)
1489 3241 1538 3282 p.
1569 3230 1635 3270 19.
1697 3226 1964 3270 Memoratur
2001 3227 2049 3270 iu

329 3291 462 3334 titulis
497 3293 732 3336 Tauaitieis
761 3296 991 3350 Latysehev
1020 3296 1148 3339 inser.
1179 3296 1310 3339 Ponti
1337 3296 1505 3338 Euxini
1532 3298 1577 3346 2,
1609 3297 1702 3337 433.
1732 3297 1835 3346 434,
1875 3295 1974 3337 item
2000 3297 2049 3336 ut

327 3359 490 3402 videtur
518 3364 610 3405 435.
670 3362 864 3410 Βασιλεὺς
893 3363 1069 3422 Τιβέριος
1100 3364 1259 3411 Ἰούλιος
1291 3363 1534 3421 Ἰνινῦιμαῖος
1573 3367 1806 3421 φιλοκαῖσαρ
1838 3364 1904 3406 καὶ
1939 3365 2047 3420 φιλο-
