2202 3724
260 282 426 318 LIVIVS
928 334 931 338 .
1120 272 1203 313 290
1871 278 1874 280 ’
1896 275 2063 315 LIVIVS

1240 340 1334 347 ..-..-..-

347 427 384 453 a.
412 427 452 454 u.
481 425 516 451 c.
548 409 630 451 695
670 408 848 450 Hieron.
887 407 945 448 acl
974 421 1013 448 a.
1045 406 1152 448 Abr.
1184 409 1304 449 1958.
1369 406 1554 462 Scripsit
1593 406 1815 449 historiam
1859 407 1916 450 ab
1956 409 2065 451 urbe

347 478 531 531 condita,
565 479 686 518 cuius
717 475 876 517 librum
905 475 1091 530 primum
1123 474 1258 516 edidit
1289 475 1403 516 inter
1431 489 1566 516 annos
1599 475 1679 517 727
1706 481 1748 517 et
1770 475 1852 518 729
1878 476 1950 531 (cf.
1971 477 2062 518 Isiv.

345 551 382 596 1,
414 549 479 595 19,
512 548 561 595 3;
591 544 724 586 Hertz
745 544 889 598 praef.
914 557 960 596 Ρ.
988 542 1068 596 Χ),
1100 541 1258 584 librum
1288 543 1567 584 centesimum
1596 543 1849 585 vicesimum
1878 545 2065 600 primum

348 620 444 670 post
473 620 654 654 mortem
685 611 857 653 demum
888 611 1076 665 Augusti
1107 610 1212 665 (cod.
1240 610 1404 653 Nazar.
1426 611 1771 667 periocharum);
1800 611 1991 655 substitit
2019 613 2063 654 in

347 681 571 725 scribendo
600 687 696 736 post
723 679 882 722 librum
905 678 1179 732 OXXXXII,
1212 685 1350 720 morte
1374 685 1476 735 puto
1498 680 1786 736 interruptus3
1817 680 1930 722 diem
1952 681 2065 722 enim

348 752 452 793 obiit
482 766 519 792 a.
551 766 592 806 p.
625 748 672 791 C.
710 748 758 790 17
790 748 966 790 Hieron.
1000 747 1056 788 ad
1088 762 1126 790 a.
1152 746 1260 789 Abr.
1282 750 1410 790 2033.
1481 746 1671 803 Reliquit
1699 749 1828 790 etiam
1858 748 2064 803 dialogos,

348 821 447 861 item
479 818 610 860 libros
643 824 714 858 ‘ex
745 815 936 872 professo
968 814 1284 872 philosophiam
1315 817 1598 857 continentes²
1633 815 1792 859 Seneca
1824 830 1885 871 ep.
1908 820 2002 868 100,
2024 819 2063 867 9,

346 889 447 929 item
487 885 712 942 epistulam
752 884 806 926 ad
848 883 984 925 filium
1021 883 1196 936 Quintil.
1225 887 1290 934 10,
1324 887 1361 934 1,
1388 886 1455 926 39.
1488 908 1539 912 —
1581 883 1825 926 Familiaris
1866 884 2064 939 Augusto

350 956 447 998 Tac.
481 970 519 996 a.
550 958 588 1005 4,
619 957 685 996 34.
747 953 979 996 Claudium
1015 952 1069 994 ad
1110 952 1334 994 historiam
1374 952 1648 995 scribendam
1684 952 1864 1009 impellit
1893 953 2064 996 Sueton-

343 1023 495 1067 Claud.
526 1026 590 1066 41.
652 1022 790 1064 Vivus
830 1020 971 1062 adhuc
1011 1021 1176 1075 ingenti
1213 1020 1329 1062 fama
1357 1020 1482 1062 floret
1509 1021 1598 1074 ipse
1632 1021 1679 1062 in
1707 1021 1831 1063 initio
1859 1022 1986 1064 unius
2016 1036 2067 1064 ex

343 1091 620 1134 voluminibus
651 1090 927 1131 historiarum
959 1087 1092 1140 (Plin.
1116 1088 1211 1132 hist.
1233 1092 1322 1130 nat.
1337 1090 1480 1142 praef.
1504 1091 1572 1144 16)
1597 1089 1651 1142 cf.
1673 1088 1792 1133 Plin.
1815 1103 1877 1144 ep.
1900 1093 1943 1140 2,
1964 1092 2003 1140 3,
2025 1092 2064 1133 8.

346 1159 483 1202 Filius
514 1160 604 1202 eius
639 1164 901 1199 memoratur
931 1156 1049 1200 Plin.
1082 1171 1123 1198 n.
1155 1156 1195 1199 h.
1226 1157 1312 1200 ind.
1345 1156 1370 1198 l.
1399 1159 1438 1199 5.
1461 1159 1510 1207 6,·
1547 1157 1686 1209 Quint.
1719 1158 1814 1199 inst.
1845 1161 1911 1208 10,
1934 1161 1973 1208 1,
1993 1161 2068 1210 39,-

343 1242 476 1282 gener
498 1227 658 1270 Seneca
679 1229 809 1268 contr.
830 1229 883 1267 10
905 1226 1049 1279 praef.
1071 1228 1113 1267 2.
1155 1224 1275 1267 Idem
1294 1225 1477 1278 fortasse
1496 1224 1545 1266 Τ.
1568 1225 1721 1267 Livius
1746 1224 1794 1268 C.
1816 1225 1857 1279 f„
1881 1227 1954 1282 qui
1985 1225 2067 1268 sibi

347 1302 389 1336 et
419 1296 504 1337 suis
538 1295 707 1337 Patavii
739 1294 882 1350 posuit
912 1291 1085 1335 titulum
1126 1292 1296 1336 V2975
1337 1293 1412 1347 (ad
1442 1292 1611 1335 libertos
1640 1294 1861 1336 Liviorum
1890 1293 2067 1336 Patavi-

344 1378 494 1405 norum
516 1365 704 1417 spectant
733 1361 848 1403 tituli
880 1361 1056 1405 V2865.
1078 1363 1202 1405 2883.
1225 1361 1367 1415 2976).
1414 1361 1554 1403 Plane
1578 1362 1793 1412 incertum,
1822 1363 1917 1416 quis
1936 1363 2068 1416 fuerit

350 1432 501 1473 Livius
533 1431 697 1488 (Λίβιος)
739 1430 860 1472 titulo
892 1429 1126 1473 honoratus
1158 1445 1183 1471 a
1213 1436 1364 1471 senatu
1393 1429 1648 1472 Atheniensi
1683 1429 1838 1472 GIAtt.
1864 1430 1952 1473 III
1972 1433 2065 1473 594.

261 1501 344 1543 204
374 1501 423 1542 T.
446 1500 599 1542 Livius
620 1499 734 1541 filius
756 1497 861 1550 (eius
881 1498 954 1551 qui
963 1497 1215 1554 praecedit),
1238 1504 1387 1539 auctor
1408 1497 1548 1540 Plinio
1565 1497 1683 1542 Plin.
1700 1498 1739 1540 h.
1755 1512 1797 1542 n.
1815 1498 1901 1541 ind.
1924 1499 1950 1543 l.
1965 1501 2005 1542 5.
2027 1502 2065 1540 6.

261 1569 343 1610 205
375 1575 426 1611 M.
470 1573 633 1609 LIVIVS
676 1573 866 1608 DRVSVS
911 1572 1026 1607 LIBO
1078 1565 1227 1607 consul
1268 1565 1358 1607 ord.
1400 1581 1437 1608 a.
1476 1566 1558 1607 739
1600 1580 1699 1608 cum
1738 1567 1789 1608 L.
1832 1566 2067 1622 Calpurnio

347 1637 503 1678 Pisone
524 1635 659 1689 Frugi
681 1635 787 1688 fasti
807 1636 1023 1688 (quattuor
1043 1634 1216 1675 nomina
1236 1633 1400 1676 eschibet
1420 1633 1508 1675 Dio
1529 1634 1614 1677 ind.
1632 1636 1697 1685 54,
1719 1635 1806 1677 nisi
1824 1634 1934 1688 quod
1953 1634 2068 1678 Λιού-

348 1721 425 1751 νιος
456 1718 540 1757 Ρνο
581 1703 734 1749 Λιούιος
775 1702 975 1753 traditur,
1017 1702 1074 1746 M.
1118 1702 1288 1744 Drusus
1334 1702 1440 1755 fasti
1485 1701 1696 1745 Golotiani
1737 1706 1776 1745 et
1816 1702 2066 1753 Biondiani,

348 1771 459 1815 GIL.
481 1772 514 1813 I
537 1771 598 1813 ed.
619 1775 651 1814 2
672 1786 720 1825 Ρ.
743 1774 807 1820 64,
830 1773 894 1821 65,
926 1771 1024 1812 item
1046 1768 1298 1819 Cassiodor„
1322 1768 1485 1827 Μάρκος
1506 1771 1635 1827 Λίβων
1657 1770 1744 1812 Dio
1763 1773 1828 1821 54,
1850 1774 1933 1823 21;
1962 1771 2070 1814 alibi

349 1840 492 1894 Libo).
517 1864 570 1869 -—
591 1839 641 1881 L.
667 1839 694 1880 f.
717 1838 805 1881 Dio
836 1839 923 1881 ind.
956 1842 994 1880 et
1023 1839 1130 1892 fasti
1151 1838 1362 1881 Colotiani
1391 1838 1546 1890 (iudice
1575 1838 1809 1893 Boryhesio
1837 1839 1955 1894 filius
1984 1840 2070 1894 fuit

346 1909 396 1952 L.
430 1908 649 1951 Scribonii
678 1908 853 1950 Libonis
884 1907 1077 1957 alicuius,
1109 1906 1184 1948 sed
1212 1907 1439 1961 adoptatus
1470 1922 1497 1948 a
1528 1907 1593 1948 M.
1616 1908 1738 1949 Isivio
1763 1907 1908 1950 Druso
1938 1906 2067 1952 Glau-

349 1977 488 2026 diano‚
514 1979 643 2030 *patre
673 1976 822 2017 Liviae
847 1975 1033 2030 Auyusti
1059 1975 1229 2026 uoeori3,·
1258 1979 1383 2030 neyat
1412 1975 1488 2017 hoc
1520 1975 1806 2018 Mommsenus
1836 1976 1925 2031 eph.
1949 1991 2011 2031 ep.
2033 1977 2067 2019 Ι

350 2060 397 2098 Ρ.
419 2048 498 2086 146
528 2047 612 2086 not.
634 2047 658 2086 1
689 2044 906 2094 coniciens,
942 2044 1007 2085 M.
1029 2044 1196 2085 Livium
1217 2043 1421 2093 Drusum,
1452 2044 1590 2085 nescio
1620 2058 1698 2097 quo
1719 2045 1842 2087 Isivio
1868 2045 2066 2099 yeniturn,

351 2113 532 2155 Libonis
573 2126 796 2167 coynonien
836 2113 1017 2154 traxisse
1056 2112 1108 2153 ab
1151 2125 1227 2153 avo
1265 2111 1485 2166 materno).
1544 2111 1774 2155 Praeterea
1806 2126 1891 2155 non
1919 2125 2069 2155 memo-

348 2184 483 2224 ratur.
546 2180 646 2222 Non
674 2183 782 2222 recte
813 2195 840 2221 a
869 2180 1101 2234 Boryhesio
1131 2180 1301 2222 habitus
1332 2183 1392 2222 est
1412 2183 1541 2234 pater
1572 2181 1623 2239 L.
1647 2181 1864 2223 Scribonii
1891 2181 2069 2223 Libonis

350 2262 430 2290 cos.
453 2263 492 2292 a.
507 2263 554 2303 Ρ.
578 2247 679 2290 Chr.
702 2251 766 2298 16,
799 2252 838 2290 et
859 2248 924 2292 M.
948 2248 1165 2290 Scribonii
1184 2248 1361 2290 Libonis
1381 2247 1529 2298 Drusi,
1543 2250 1763 2303 praetoris
1783 2249 1922 2291 eodem
1943 2262 2068 2291 anno·

266 2317 349 2359 206
379 2323 544 2358 LIVIVS
578 2323 802 2358 GEMINVS
835 2316 1041 2369 (traditur
1072 2316 1264 2372 Γεμίνιος)
1302 2323 1473 2358 senator
1502 2317 1662 2359 iuravit
1688 2317 1850 2359 vidisse
1880 2332 1925 2359 se
1955 2317 2068 2359 Dru-

350 2383 489 2425 sillam
520 2390 690 2427 euntem
720 2385 764 2425 in
796 2383 984 2438 caelum3
1024 2383 1078 2426 ob
1117 2398 1245 2439 quam
1285 2398 1376 2425 rem
1406 2383 1590 2426 donatus
1620 2400 1646 2426 a
1677 2384 1788 2428 Graio
1828 2385 2068 2427 sestertium

354 2452 495 2493 decies
525 2451 613 2494 Dio
643 2455 708 2502 59,
741 2455 806 2494 11.
865 2451 1050 2495 Curator
1088 2453 1186 2493 viae
1225 2451 1394 2508 Appiae
1432 2467 1469 2494 a.
1502 2453 1557 2495 54
1588 2452 1749 2496 Seneca
1781 2467 1898 2507 αΡοο.
1927 2457 1966 2504 1,
1997 2454 2071 2508 qui

348 2533 498 2562 nomen
527 2534 612 2562 non
633 2521 771 2574 ponit.
1283 2531 1288 2536 ’

266 2588 347 2630 207
379 2588 427 2630 Ρ.
460 2588 610 2629 Livius
649 2589 852 2630 Larensis
892 2587 968 2640 (sic
1008 2592 1036 2630 t.
1067 2589 1280 2638 urbanus,
1322 2589 1474 2630 Livius
1505 2589 1739 2631 Laurensis
1778 2590 1868 2631 vita
1898 2590 2066 2642 Gomm„

350 2657 566 2713 Λαρήνσιος
587 2656 843 2705 Athenaeus)
877 2657 1072 2712 pontifex
1101 2658 1241 2698 minor
1271 2660 1299 2699 t.
1320 2657 1510 2699 urbanus
1541 2657 1609 2699 VI
1620 2661 1748 2708 2126,
1775 2658 2070 2715 καθεσταμένος

352 2725 414 2767 ἐπὶ
453 2729 530 2766 τῶν
569 2726 685 2781 ἱερῶν
726 2726 789 2766 καὶ
820 2726 966 2767 θυσιῶν
997 2726 1070 2767 ὑπὸ
1104 2730 1171 2768 τοῦ
1200 2724 1311 2767 πάντ’
1333 2726 1488 2782 ἀρίστου
1520 2726 1714 2784 βασιλέως
1740 2728 1908 2784 Μάρκου
1938 2726 2068 2769 Athe-

349 2804 480 2833 naeus
501 2791 534 2832 Ι
549 2805 595 2844 Ρ.
618 2795 693 2833 20.
741 2792 999 2834 Procurator
1029 2794 1278 2849 provinciae
1306 2793 1495 2835 Moesiae
1515 2793 1757 2836 Athenaeus
1776 2794 1852 2836 IX
1871 2809 1920 2849 Ρ.
1940 2798 2067 2838 3980.

351 2859 612 2901 Procurator
637 2861 883 2915 patrimonii
909 2861 990 2903 sub
1014 2861 1246 2903 Commodo
1267 2862 1338 2905 vit.
1359 2861 1512 2904 Oomrn.
1533 2864 1604 2912 20,
1625 2865 1674 2914 1,·
1697 2862 1919 2906 Commodi
1941 2864 2068 2906 occisi

351 2942 505 2983 corpus
536 2929 655 2969 iussu
676 2928 916 2971 Pertinacis
937 2929 1071 2971 Fabio
1095 2929 1235 2972 Ciloni
1257 2930 1312 2972 ad
1334 2930 1627 2986 sepeliendum
1657 2930 1790 2972 tradit
1814 2931 1870 2973 ib.
1921 2931 2068 2974 Uxor:

353 2995 555 3038 Cornelia
585 2995 748 3048 Quinta
779 2996 846 3038 VI
866 3001 994 3040 2126.
1031 3024 1082 3029 —
1118 2998 1196 3040 Vir
1224 3004 1313 3039 tam
1344 2998 1513 3040 Latinis
1544 3013 1673 3054 quam
1703 2999 1884 3042 Graecis
1914 2998 2068 3041 litteris

355 3063 572 3106 eruditus:
594 3064 708 3119 apud
732 3080 825 3106 eum
844 3064 1094 3107 Athenaeus
1116 3065 1461 3122 dipnosophistas
1482 3080 1580 3108 suos
1603 3067 1884 3108 convivantes
1903 3066 2070 3110 inducit

351 3132 592 3174 Athenaeus
613 3132 646 3174 I
660 3146 708 3185 Ρ.
730 3136 789 3175 2c
819 3136 857 3175 et
887 3133 994 3175 alibi
1024 3135 1078 3187 cf.
1103 3134 1262 3176 Kaibel
1290 3135 1336 3176 in
1363 3134 1459 3176 edit.
1481 3133 1693 3177 Athenaei
1710 3134 1789 3176 vol.
1813 3134 1903 3177 III
1914 3149 1963 3190 Ρ.
1982 3138 2070 3178 562

353 3203 392 3242 et
422 3214 527 3254 quac
558 3213 629 3254 eqo
660 3201 833 3253 exposui
861 3201 1007 3244 Herm.
1037 3201 1115 3243 vol.
1135 3204 1192 3244 25
1214 3216 1261 3255 Ρ.
1283 3204 1375 3244 156.

268 3268 350 3310 208
380 3274 425 3310 L.
447 3273 613 3309 LIVIVS
637 3273 834 3309 OOELLA
852 3268 902 3310 L.
926 3268 968 3318 f„
997 3276 1209 3324 quaestor,
1232 3269 1355 3311 titulo
1378 3269 1612 3312 honoratus
1633 3285 1659 3311 a
1679 3269 2068 3325 Segobrigensibus

354 3343 397 3378 et
434 3336 703 3379 Sussetaneis
744 3336 816 3391 (cf.
855 3337 947 3380 Liv.
984 3340 1052 3387 23,
1085 3340 1150 3387 34,
1186 3341 1211 3378 6
1241 3337 1330 3393 cet)
1371 3337 1541 3394 populis
1580 3338 1820 3394 Hispaniae
1859 3338 2069 3382 citerioris
