2202 3724
143 276 364 312 LICINIVS
952 291 954 295 ’
1002 270 1084 312 285
1731 276 1948 311 LICINIVS

228 405 255 451 l.
287 405 524 450 Cinnamus
553 409 581 448 t.
612 421 699 461 rep.
722 420 859 461 prope
888 405 1194 449 columbarimn
1225 405 1518 457 Statiliorwn,
1558 406 1675 449 Ball.
1707 420 1808 449 com.
1840 409 1951 450 1880

230 489 278 529 p.
309 478 379 518 62.

145 554 227 597 174
256 560 302 596 L.
333 561 551 597 LICINIVS
583 561 724 598 SVRA.
790 554 946 597 Tituli:
980 555 1172 597 urbanus
1212 555 1279 597 VI
1301 558 1407 597 1444
1447 555 1675 609 acephalus
1710 556 1951 598 coniectura

228 625 391 665 tantam
422 623 480 665 acl
507 637 598 665 eam
628 623 787 665 relatus
808 622 892 680 (1)‚·
922 623 1256 666 Barcinonensis
1280 624 1341 666 II
1352 626 1462 666 4508
1491 625 1588 666 item
1616 624 1843 679 acephalus
1864 624 1950 679 (2),-

234 691 566 734 Tarraconensis
603 691 666 734 II
686 694 807 734 4282
846 691 930 746 (3),·
959 695 1190 746 praetcrea
1228 687 1485 734 memoratur
1528 693 1573 734 in
1612 692 1750 735 titulis
1788 694 1954 736 accensi

227 760 297 801 sai
323 759 714 802 Barcinonensibus
743 760 804 802 II
823 762 1097 803 4536—4548
1126 760 1189 802 II
1211 760 1258 804 S.
1280 763 1399 803 6148.
1430 764 1538 803 6149
1569 760 1642 817 (4).

314 828 364 872 L.
394 828 593 870 Licinius
625 828 737 871 Sura
767 831 795 870 t.
825 831 865 870 3.
896 832 944 878 4,
976 828 1173 870 Licinius
1204 828 1317 872 Sura
1345 828 1433 871 Dio
1464 832 1532 879 68,
1563 832 1629 880 15,
1673 830 1786 873 Sura
1821 831 1929 873 alibi
1938 844 1951 882 ,·

231 898 273 938 in
308 897 594 939 consulatibus
624 897 675 940 L.
706 897 902 938 Licinius
934 896 1047 939 Sura
1078 897 1146 939 VI
1167 900 1292 947 2185,
1329 897 1525 940 Licinius
1557 898 1670 941 Sura
1701 901 1729 940 t.
1759 900 1951 941 urbanus

227 964 343 1008 Ball.
375 964 593 1007 conmnale
622 967 732 1006 1886
752 979 800 1019 p.
823 968 890 1014 97,
924 965 1036 1007 Sura
1060 965 1323 1019 plerumque,
1355 965 1550 1008 Suranus
1579 967 1650 1010 vit.
1682 966 1822 1011 Hadr.
1854 971 1896 1017 3,
1923 972 1952 1009 8

228 1047 384 1076 errore.
401 1057 460 1064 —
477 1032 589 1075 Luci
614 1032 644 1075 f.
676 1036 704 1076 t.
723 1035 763 1075 3.
813 1032 1036 1075 Oriundus
1068 1048 1123 1074 ex
1144 1034 1357 1089 Hispania
1377 1034 1692 1076 Tarraconensi
1723 1035 1952 1078 Martialis

228 1105 267 1152 1,
287 1104 355 1151 49,
375 1105 431 1144 40
460 1101 514 1155 cf.
549 1104 577 1144 t.
598 1104 703 1144 2-4.
754 1100 897 1143 Tribu
927 1101 1080 1155 Sergia
1108 1104 1136 1143 t.
1159 1105 1199 1143 3.
1259 1101 1548 1154 Quattuorvir
1585 1103 1757 1145 viarum
1796 1118 1948 1146 curan-

226 1170 393 1224 darum,
426 1176 630 1227 quaestor
659 1170 909 1226 provinciae
929 1169 1133 1224 Achaiae,
1162 1169 1417 1212 candidatus
1438 1170 1637 1213 Caesaris
1659 1172 1705 1212 in
1726 1172 1951 1215 tribunatu

226 1237 365 1296 plebis
395 1244 438 1281 et
466 1239 511 1280 in
541 1244 766 1294 praetura,
810 1237 978 1292 legatus
1008 1236 1192 1292 legionis
1222 1238 1243 1280 Ι
1274 1238 1537 1293 Minerviae,
1578 1238 1746 1294 legatus
1776 1255 1853 1297 pro
1884 1256 1949 1297 pr.

224 1321 347 1364 prOV.
372 1305 575 1361 Belgicae
596 1309 624 1348 t.
646 1310 685 1348 1.
726 1306 766 1348 E
785 1307 910 1360 gravi
941 1305 1092 1348 morbo
1119 1306 1384 1349 convalescit
1413 1307 1547 1361 (circa
1567 1322 1606 1350 a.
1627 1308 1701 1362 92)
1724 1308 1951 1352 Martialis

228 1379 264 1426 7,
286 1379 354 1418 47.
404 1373 567 1418 Consul
596 1375 691 1419 suff.
723 1389 761 1419 a.
783 1375 866 1419 inc.
898 1376 984 1430 (vix
1012 1378 1123 1418 recte
1152 1376 1401 1418 mentionem
1429 1376 1556 1418 haias
1586 1377 1828 1419 consulatus
1856 1378 1953 1432 ficri

223 1444 271 1486 in
300 1447 327 1486 t.
348 1444 592 1487 suburbano
612 1443 692 1486 XI
698 1443 855 1486 V4014
883 1445 1120 1499 suspicatus
1141 1447 1202 1487 est
1222 1445 1446 1487 Marinius
1466 1445 1570 1487 Arv.
1594 1460 1642 1500 p.
1666 1448 1746 1488 716
1764 1449 1848 1488 not.
1864 1446 1950 1499 57).

225 1511 381 1555 Studio
412 1513 503 1554 eius
532 1512 746 1554 Trfflanus
785 1513 1019 1569 imperator
1046 1512 1186 1555 factus
1227 1513 1331 1555 Vict.
1363 1528 1425 1567 ep.
1456 1516 1521 1564 13,
1552 1516 1592 1556 5.
1652 1514 1841 1569 Legatus
1872 1530 1949 1571 pro

225 1595 290 1636 pr.
320 1580 497 1623 Traiani
528 1580 642 1623 bello
670 1581 847 1634 Dacico,
881 1582 970 1637 egit
997 1581 1052 1623 de
1079 1597 1184 1638 pace
1214 1596 1313 1624 cum
1334 1581 1578 1636 Decebalo3
1611 1581 1795 1625 donatus
1826 1582 1951 1625 donis

224 1647 486 1692 militaribus
525 1649 793 1706 duplicibus,
838 1649 1004 1692 scilicet
1043 1665 1099 1692 ex
1144 1657 1329 1707 utroque
1374 1649 1486 1693 bello
1529 1654 1557 1693 t.
1592 1654 1643 1702 1,·
1686 1650 1774 1693 Dio
1809 1654 1875 1702 68,
1909 1655 1948 1702 9,

225 1717 384 1762 Zonar.
415 1721 481 1768 11,
505 1722 563 1762 21
573 1731 587 1770 ,·
617 1719 669 1772 cfi
698 1718 910 1774 Boryhesi
940 1734 1033 1773 opp.
1064 1722 1092 1762 5
1112 1734 1162 1773 p.
1182 1722 1249 1762 33.
1299 1719 1490 1762 Ornatus
1511 1721 1774 1762 ornamentis
1805 1720 1953 1762 trium-

225 1785 424 1842 phalibus
455 1789 483 1831 t.
515 1790 553 1829 1.
583 1790 628 1830 2.
697 1786 796 1831 Cos.
827 1787 873 1829 II
903 1787 993 1830 ord.
1025 1802 1064 1830 a.
1097 1788 1201 1842 102,
1246 1803 1343 1830 cum
1374 1788 1424 1831 L.
1452 1787 1563 1830 Iulio
1594 1788 1709 1831 Urso
1741 1788 1950 1831 Serviano

222 1855 342 1908 fasti.
401 1854 563 1898 Consul
603 1856 779 1898 tertium
820 1855 910 1900 ord.
951 1871 989 1898 a.
1026 1857 1129 1910 107,
1173 1871 1270 1899 cum
1309 1857 1363 1910 Q.
1397 1856 1520 1900 Sosio
1553 1857 1790 1900 Senecione
1830 1858 1949 1911 fasti.

225 1924 439 1978 (Libertus
463 1924 552 1966 eius
572 1923 624 1966 L.
645 1924 842 1966 Licinius
863 1924 1100 1978 Secundus,
1133 1940 1340 1967 accensus
1366 1926 1404 1967 ei
1435 1927 1573 1982 primo
1604 1925 1790 1969 secundo
1825 1927 1949 1969 tertio

224 1990 451 2034 consulatu
482 1995 509 2036 t.
530 1995 588 2048 4).
634 1992 860 2046 Pontifex3
894 1993 1051 2035 sodalis
1089 1993 1344 2048 Augustalis
1380 1997 1409 2036 t.
1429 1997 1472 2037 2.
1521 1993 1681 2037 Orator
1712 1996 1949 2051 priscorum

224 2059 418 2102 aemulus
449 2060 678 2103 Martialis
709 2064 747 2111 7,
776 2065 845 2112 47,
875 2065 902 2103 1
932 2062 984 2115 cf.
1016 2065 1055 2112 1,
1085 2066 1153 2112 49,
1183 2065 1252 2104 40.
1319 2062 1507 2105 Traiano
1548 2064 1762 2105 orationes
1800 2063 1952 2105 scribit

223 2128 384 2171 Iulian.
413 2127 534 2171 Caes.
557 2144 605 2183 p.
625 2132 711 2172 327
719 2129 765 2171 Β
785 2129 974 2184 Spanh.;
1002 2131 1057 2184 cf.
1078 2131 1149 2173 vit.
1168 2130 1309 2172 Hadr.
1334 2145 1367 2173 c.
1388 2133 1428 2173 3.
1474 2131 1560 2173 Per
1580 2146 1678 2173 eum
1698 2131 1949 2174 Hadrianus

224 2197 280 2239 ad
309 2197 539 2239 amicitiam
570 2196 748 2239 Traiani
779 2199 978 2254 pervenit
1005 2198 1078 2240 vit.
1100 2198 1243 2241 Hadr.
1273 2212 1306 2240 c.
1327 2202 1359 2242 2
1388 2200 1442 2252 cf.
1475 2213 1508 2242 c.
1528 2203 1568 2242 3.
1612 2199 1800 2241 Martiali
1833 2200 1951 2242 favet
2014 2236 2017 2239 .

226 2265 453 2308 Martialis
473 2269 511 2316 6,
533 2269 598 2316 64,
620 2269 686 2309 13.
735 2267 898 2309 Romae
924 2266 1091 2309 habitat
1120 2268 1163 2309 in
1184 2268 1404 2310 Aventino
1434 2283 1569 2324 prope
1599 2267 1748 2310 aedem
1780 2269 1949 2311 Dianae

225 2332 452 2376 Martialis
487 2334 514 2376 l.
556 2348 589 2376 c.
656 2334 871 2377 Thermae
910 2333 1047 2378 Surae
1092 2337 1134 2378 in
1179 2335 1395 2378 Aventino
1433 2337 1588 2379 notitia
1626 2338 1747 2379 urbis
1784 2337 1949 2379 Romae

224 2415 310 2456 req.
341 2401 477 2444 XIII
508 2402 715 2456 (thermas
746 2418 888 2459 syres,
931 2403 1120 2446 thermas
1151 2419 1295 2460 syras,
1329 2404 1495 2446 therme
1526 2406 1725 2446 surianae
1755 2405 1946 2459 codices),

220 2469 459 2524 bal(neum)
482 2470 620 2514 Surae
639 2471 782 2525 forma
800 2473 921 2514 urbis
939 2472 1102 2514 Rom-ae
1123 2473 1226 2527 (tab.
1248 2472 1328 2515 IX
1345 2476 1398 2515 41
1417 2473 1479 2517 ecl.
1492 2472 1681 2528 Jordan)
1705 2474 1759 2527 cf.
1778 2473 1950 2516 Jordan

221 2538 346 2592 form.
373 2539 494 2581 urbis
522 2539 687 2582 Romae
718 2555 766 2594 p.
797 2544 857 2583 42
884 2554 926 2584 n.
958 2544 1025 2584 2.’
1061 2541 1234 2583 Funere
1272 2540 1445 2597 publico
1486 2540 1623 2583 elatus
1653 2541 1741 2584 Dio
1772 2544 1840 2592 68,
1872 2545 1949 2593 15,-

222 2612 364 2649 statua
390 2607 429 2648 ei
461 2622 516 2650 ex
546 2608 802 2651 auctoritate
832 2609 1009 2651 Traiani
1040 2610 1224 2665 pecunia
1254 2608 1428 2665 publica
1459 2610 1598 2665 posita
1623 2609 1712 2652 Dio
1735 2610 1762 2653 l.
1784 2623 1843 2662 c.‚·
1874 2613 1901 2651 t.
1923 2613 1949 2652 1

222 2675 276 2728 cf.
297 2678 326 2717 t.
345 2678 390 2718 2.
431 2675 572 2718 Arcus
603 2691 661 2719 ex
689 2683 943 2720 testamento
976 2678 1068 2720 eius
1099 2678 1237 2720 factus
1268 2678 1514 2720 Tarracone
1545 2681 1573 2722 t.
1593 2681 1633 2720 3.
1653 2702 1711 2707 —
1735 2677 1816 2720 Vix
1837 2678 1948 2720 alias

223 2742 417 2786 Licinius
433 2742 544 2787 Sura
559 2742 637 2795 (sic
653 2745 1221 2789 codescAshbnrnhamianas
1235 2747 1282 2789 in
1297 2746 1434 2789 indice
1455 2747 1513 2789 acl
1532 2761 1594 2801 ep.
1611 2750 1650 2797 4,
1666 2749 1730 2800 30,
1753 2746 1948 2788 Licinius

221 2810 331 2854 idem
361 2814 400 2854 et
427 2811 709 2856 Florentinas
738 2814 783 2856 in
813 2815 1088 2868 inscriptione
1118 2830 1180 2869 ep.
1212 2819 1250 2865 -1,
1285 2819 1351 2866 30,
1394 2815 1506 2858 Sura
1539 2815 1602 2858 vel
1632 2815 1768 2858 Sui-ra
1797 2814 1950 2868 reliqiii

223 2879 383 2922 codices
412 2883 452 2923 et
475 2880 544 2923 hic
574 2885 614 2924 et
642 2896 704 2936 ep.
729 2885 767 2933 7,
787 2885 862 2938 27)
894 2897 1037 2925 rerum
1069 2882 1330 2925 naturalium
1359 2897 1533 2938 gnarus
1557 2883 1612 2925 ad
1635 2898 1765 2939 quem
1786 2882 1947 2926 Plinius

223 2947 342 2990 dedit
368 2948 574 3004 epistulas
603 2953 642 3000 4,
669 2953 736 2993 30.
770 2954 807 3002 7,
830 2955 902 2994 27.

139 3026 222 3070 175
253 3026 302 3070 C.
318 3027 513 3071 Licinius
529 3029 814 3073 Telemachus
831 3031 992 3085 (Λικινν-
1005 3045 1091 3086 pro
1107 3032 1229 3074 Αικιν-
1248 3032 1464 3083 scribitur,
1479 3035 1527 3074 at
1546 3033 1686 3087 smpe)
1710 3033 1730 3074 ὁ
1746 3033 1948 3088 κράτιστος

224 3098 405 3153 Ionem<
425 3101 495 3154 τῆς
514 3100 792 3157 λαμπροτάτης
808 3098 1032 3157 Ἀθηναίων
1053 3100 1210 3147 πόλεως
1231 3101 1358 3155 (inter
1379 3115 1419 3142 a.
1431 3104 1520 3143 212
1535 3103 1574 3142 et
1593 3103 1677 3143 221
1702 3103 1748 3140 ut
1767 3098 1946 3149 videtur)

224 3162 342 3206 Bull.
374 3164 424 3207 de
453 3178 562 3208 corr.
591 3165 686 3210 hell.
708 3170 773 3217 14,
806 3170 916 3210 1890
937 3182 985 3222 1).
1007 3171 1101 3210 649.

141 3242 223 3285 176
255 3248 295 3285 C.
334 3249 552 3286 LICINIVS
592 3251 709 3287 TRIO
750 3252 995 3289 PAVLINVS
1037 3247 1196 3289 sodalis
1236 3247 1488 3302 Augustalis
1529 3253 1752 3303 cooptatus
1792 3261 1830 3288 a.
1863 3247 1945 3289 202

228 3310 297 3353 VI
323 3313 439 3354 1984.
498 3312 549 3355 In
577 3312 717 3356 locum
749 3315 842 3357 eius
871 3315 982 3358 alius
1012 3322 1235 3372 cooptatus
1265 3331 1303 3358 a.
1327 3317 1411 3358 210
1441 3316 1497 3360 ib.
