2202 3724
261 316 510 352 MESTRIVS
1121 306 1205 347 370
1824 309 2063 347 METILIVS

260 448 344 490 380
378 454 422 488 L.
454 450 703 486 MESTRIVS
734 449 940 484 FLORVS.
1004 441 1181 484 Nummi
1219 440 1466 495 Smyrnaei:
1503 454 1538 482 v.
1570 439 1708 483 Sallet
1747 439 1950 483 Zeitsehr.
1991 441 2065 495 fu’r

347 515 474 557 Num.
495 517 534 562 4,
564 514 676 554 1877
695 526 742 565 p.
761 513 843 553 315
864 509 922 564 (1)
934 523 947 561 ;
979 510 1175 552 Mionnet
1195 508 1242 552 S.
1274 508 1342 551 VI
1353 511 1446 558 337,
1468 511 1588 558 1673,
1608 508 1757 550 melius
1778 508 2063 563 Waddinyton

345 585 476 636 j'astes
506 581 576 622 des
597 593 720 634 prov.
753 579 878 621 astat.
908 593 949 621 n.
973 581 1071 628 102,
1101 581 1129 619 3
1158 575 1278 629 (mus.
1305 576 1467 630 Berol.)
1495 575 1570 631 (2),
1600 575 1668 618 hic
1698 590 1790 619 eum
1819 577 1969 631 eapite,
1999 576 2068 619 illi

346 664 438 692 eum
476 648 680 690 mentione
721 647 987 698 Dornz'tiani;
1026 646 1221 688 Mionnet
1252 645 1340 687 ΙΙΙ
1362 648 1471 694 225,
1503 647 1628 687 1260.
1667 644 1712 688 S.
1747 644 1815 687 VI
1835 648 1928 695 336,
1960 647 2067 687 1665

347 717 465 769 (mus.
488 715 650 771 Berol.)
683 729 774 757 eum
805 715 943 769 eapite
967 714 1109 756 Iuliae
1135 714 1223 755 Titi
1251 713 1282 766 f.
1315 712 1386 768 (3).
1446 712 1714 755 Memoratur
1741 713 1787 755 in
1817 715 1845 754 t.
1866 712 2064 768 Ephesio,

346 785 444 829 butt.
474 785 522 826 de
552 798 659 826 eorr.
681 783 776 826 hell.
798 787 823 826 1
845 798 892 837 p.
914 785 1013 826 289.
1035 807 1093 812 ——
1112 781 1378 824 Praenomen
1397 780 1553 823 habent
1574 784 1601 824 t.
1622 781 1892 835 Ephesiuset
1909 782 2070 823 nummi

346 858 384 896 1.
415 857 458 904 2,
490 853 694 895 Mestrius
725 851 879 894 Florus
911 850 1043 901 Suet„
1075 850 1193 894 Plut.
1224 849 1330 893 Otho
1362 853 1415 891 14
1446 853 1485 891 et
1512 852 1672 903 quaest.
1704 863 1816 892 conv.
1843 852 1881 900 1,
1904 852 1942 892 9.
1963 851 2003 899 5,
2027 851 2064 899 7,

347 921 503 964 Florus
534 921 652 963 Plut.
685 935 721 974 q.
754 933 868 962 eonv.
887 920 1068 974 passim,
1100 919 1199 961 item
1228 931 1421 960 nummus
1449 920 1489 959 3.

429 989 483 1032 A.
506 990 560 1032 69
583 990 744 1031 invitus
767 987 981 1031 Othonem
1010 993 1182 1029 secutus
1213 987 1429 1042 particeps
1460 984 1543 1028 fuit
1571 999 1743 1042 pugnae
1763 985 2066 1028 Bedriacensis
2153 1027 2156 1028 γ

345 1058 462 1100 Plut.
489 1057 595 1100 Otho
616 1060 681 1099 14.
713 1055 874 1099 Consul
897 1057 1012 1110 (suff.
1033 1071 1071 1100 a.
1092 1055 1194 1107 inc.)
1217 1054 1334 1097 Plut.
1358 1054 1384 1097 l.
1407 1068 1440 1096 e.
1453 1067 1466 1105 ,·
1487 1053 1603 1097 Suet.
1636 1053 1753 1108 Vesp.
1774 1058 1850 1097 22.
1889 1053 2067 1097 Amicus

353 1125 611 1181 Vespasiani
643 1114 758 1168 Suet.
793 1123 910 1178 Vesp.
932 1127 1006 1166 22.
1067 1121 1306 1165 Proconsul
1336 1121 1467 1164 Asiae
1498 1120 1577 1163 sub
1608 1122 1857 1163 Domitiano
1886 1122 2047 1164 nummi
2057 1135 2070 1174 ;

349 1198 376 1236 t.
398 1194 620 1248 Ephesius.
662 1192 1015 1247 Waddinytonius
1036 1190 1060 1243 (
1052 1192 1183 1245 fastos
1202 1205 1244 1233 n.
1259 1190 1362 1244 102)
1381 1190 1730 1244 proconsulatum
1755 1190 1843 1232 eius
1864 1189 2072 1232 adtribuit

349 1277 389 1305 a.
411 1261 519 1312 8314,
550 1261 661 1315 quod
688 1262 734 1303 in
762 1275 804 1303 n.
826 1264 851 1303 1
881 1260 1157 1303 Domitianus
1179 1258 1427 1302 Germanioi
1449 1259 1689 1313 eoqnomine
1719 1262 1877 1309 eareat,
1908 1259 1955 1301 in
1976 1272 2018 1301 n.
2039 1261 2071 1302 2

350 1330 490 1373 eodem
525 1332 701 1372 ornatus
729 1329 797 1371 sit.
829 1353 886 1358 ——
923 1329 1101 1370 Amicus
1132 1327 1366 1381 Plutarchi,
1409 1328 1479 1368 cui
1510 1341 1709 1383 campum
1739 1326 2070 1369 Bedriacensem

348 1399 604 1440 monstravit
635 1397 754 1442 Plut.
793 1396 900 1440 Otho
929 1399 994 1446 14,
1030 1402 1072 1438 et
1107 1397 1180 1451 qui
1212 1410 1309 1437 eum
1350 1395 1515 1437 inducit
1545 1394 1691 1451 epulas
1723 1394 1998 1437 exhibentem
2029 1401 2073 1438 et

348 1466 483 1509 verba
512 1466 739 1508 facientem
769 1467 926 1520 quaest.
959 1478 1070 1507 conv.
1105 1468 1143 1514 1,
1175 1467 1225 1515 9,·
1253 1467 1293 1514 3,
1325 1467 1366 1506 3.
1399 1467 1437 1507 4.
1469 1466 1495 1505 5
1505 1476 1518 1514 ;
1546 1465 1585 1513 5,
1609 1466 1647 1505 7.
1669 1466 1724 1505 10
1735 1476 1749 1514 ;
1780 1466 1816 1514 7,
1838 1467 1876 1514 1,
1899 1467 1942 1506 2.
1963 1467 2003 1506 4.
2023 1467 2050 1507 6
2059 1477 2073 1515 ,·

347 1538 387 1586 8,
409 1539 448 1577 1.
468 1537 511 1579 2.
533 1538 599 1577 10.
649 1534 888 1576 Vetustatis
920 1539 1084 1575 amator
1113 1533 1170 1576 ib.
1203 1535 1239 1582 7,
1268 1536 1295 1574 4
1325 1532 1396 1587 (cf.
1421 1531 1537 1575 Suet.
1571 1531 1596 1575 l.
1631 1533 1696 1588 6.).
1726 1556 1783 1561 —-
1812 1531 1949 1574 Filius
1980 1532 2072 1574 eius

349 1604 510 1645 Lucius
541 1603 597 1645 ib.
622 1606 658 1652 7,
685 1606 723 1646 4.
776 1603 921 1645 Gener
952 1602 1042 1643 eius
1064 1600 1323 1644 Caesernius
1353 1601 1409 1642 ib.
1433 1603 1469 1650 7,
1491 1603 1518 1642 4
1549 1603 1576 1642 t.
1597 1603 1635 1642 6.
1662 1626 1708 1630 —
1733 1600 1946 1642 Incertum
1973 1613 2072 1642 num

350 1672 458 1714 idem
486 1671 690 1713 Mestrius
727 1669 882 1712 Florus
914 1670 987 1726 qui
1019 1669 1197 1712 Silvano
1229 1675 1377 1712 votum
1408 1667 1536 1710 solvit
1565 1668 1739 1711 Mursae
1768 1668 1859 1711 III
1878 1671 2004 1713 3274.

282 1766 340 1771 —
383 1740 588 1782 Mestrius
621 1737 879 1780 Plutarchus
908 1752 944 1779 v.
976 1736 1247 1782 Plutarchus.

267 1810 347 1852 381
382 1815 423 1850 P.
455 1814 562 1849 MET
580 1840 698 1850 .....
730 1806 880 1849 consul
910 1806 1007 1848 suff.
1038 1821 1075 1850 a.
1098 1807 1147 1848 91
1182 1820 1330 1848 mense
1359 1806 1470 1847 Nov.
1503 1820 1601 1847 cum
1631 1805 1685 1858 Q.
1706 1804 1880 1848 Valerio
1906 1805 2072 1859 Vegeto

352 1880 432 1919 aet.
464 1876 568 1918 Arv.
634 1876 774 1917 Plane
813 1876 1018 1917 incertum
1056 1889 1156 1917 num
1195 1875 1348 1928 fuerit,
1388 1874 1436 1916 id
1474 1874 1584 1928 quod
1623 1874 1797 1916 coniecit
1837 1874 2072 1925 Marinius,

350 1945 400 1986 P.
434 1945 629 1987 Metilius
659 1943 888 1987 Secundus.

281 2039 338 2043 -—
385 2014 442 2068 [Q.
476 2013 751 2067 G]AEGIL1VS
783 2012 1067 2066 METELLVS
1100 2011 1371 2065 CRETIOVS].

281 2106 338 2111 —
383 2088 426 2132 Q.
459 2087 719 2122 CAECILIVS
750 2086 1017 2121 METELLVS
1051 2085 1291 2121 CRETICVS
1324 2085 1548 2121 SILANVS.

283 2175 338 2180 —
382 2156 488 2194 sna.
523 2141 802 2191 CORNELIVS
835 2154 1139 2189 DOLABELLA
1169 2154 1495 2190 METILIANVS.

279 2244 336 2248 -—
384 2225 491 2260 SER.
515 2223 794 2259 CORNELIVS
819 2223 1122 2258 DOLABELLA
1142 2222 1452 2258 METILIANVS
1479 2222 1726 2258 POMPEIVS
1756 2222 2072 2259 MARCELLVS.

271 2288 354 2330 382
386 2293 624 2327 METILIVS
648 2283 811 2338 (nomen
832 2285 1013 2339 ponitur
1032 2288 1097 2335 16,
1118 2284 1174 2340 8),
1206 2285 1396 2327 Marciae
1418 2283 1568 2339 (supra
1586 2299 1628 2328 n.
1645 2286 1755 2339 185),
1788 2283 1841 2326 Α.
1865 2283 2073 2327 Cremutii

356 2354 486 2397 Cordi
518 2354 644 2408 filiae,
675 2353 810 2408 filius,
855 2354 1023 2395 iuvenis
1063 2353 1293 2395 defunctus
1323 2353 1483 2396 Seneca
1514 2352 1616 2395 dial.
1650 2352 1718 2395 VI
1740 2352 1987 2407 (consolatio
2017 2353 2076 2396 ad

357 2423 591 2478 Marciam)
605 2422 783 2476 passim,
803 2421 939 2463 tribus
956 2421 1080 2463 annis
1098 2427 1198 2463 ante
1215 2436 1342 2477 quam
1362 2421 1526 2463 Seneca
1548 2419 1883 2462 consolationem
1904 2421 1958 2463 de
1979 2422 2071 2463 eius

355 2498 490 2533 morte
521 2490 576 2532 ad
606 2496 786 2532 matrem
815 2489 1022 2531 scriberet
1051 2490 1108 2531 ib.
1138 2493 1176 2540 1,
1208 2493 1248 2532 7.
1314 2489 1368 2532 Si
1394 2492 1503 2531 reete
1540 2488 1586 2532 C.
1617 2488 1808 2531 Bureseh
1837 2490 2076 2545 (Leipeiyer

354 2559 532 2602 Studien
571 2572 648 2601 eur
687 2558 736 2600 el.
770 2558 884 2599 Phil.
915 2562 955 2608 9,
992 2561 1102 2600 1886
1132 2573 1179 2612 p.
1212 2562 1292 2600 170
1323 2557 1421 2612 seq.)
1455 2559 1623 2612 posuit,
1665 2557 1988 2600 consolationem
2017 2558 2076 2601 ad

359 2628 578 2679 Illareiam
608 2627 809 2680 scriptam
840 2640 923 2668 esse
945 2630 1040 2669 ante
1061 2626 1234 2668 exilium
1256 2626 1450 2679 Senecae,
1477 2626 1525 2668 id
1543 2629 1603 2668 est
1623 2629 1721 2668 ante
1738 2626 1863 2680 finem
1884 2628 1990 2669 anni
2007 2630 2072 2678 41,

357 2695 549 2738 Metilius
569 2697 757 2736 mortuus
778 2695 834 2736 sit
852 2708 1015 2737 necesse
1036 2698 1096 2736 est
1123 2698 1220 2737 ante
1239 2695 1365 2749 finem
1387 2696 1492 2737 anni
1509 2697 1578 2736 38.
1598 2719 1656 2723 -
1681 2693 1880 2750 Pupillus
1902 2694 2074 2738 relictus

357 2764 436 2806 sub
468 2763 683 2805 tutoribus
715 2777 853 2819 usque
893 2763 949 2804 ad
987 2769 1188 2819 quartum
1219 2763 1435 2806 decimum
1472 2777 1629 2805 annum
1670 2762 1832 2817 fuerat,
1873 2762 1949 2804 sed
1988 2777 2075 2805 una

357 2847 453 2874 cum
484 2838 620 2873 matre
651 2829 922 2873 habitaverat
953 2831 1114 2875 Seneca
1143 2832 1171 2874 l.
1204 2846 1237 2876 e.
1268 2836 1339 2883 24,
1372 2836 1411 2875 1.
1468 2831 1670 2873 Militiam
1699 2837 1988 2886 recusaverat,
2020 2846 2074 2874 ne

360 2916 384 2942 a
414 2905 551 2942 matre
583 2899 822 2940 discederet
851 2900 906 2942 ib.
968 2901 1099 2942 ‘Puer
1126 2899 1358 2943 admodum
1389 2899 1626 2942 sacerdotio
1657 2898 1814 2954 dignus
1842 2900 1962 2942 visus
1992 2905 2071 2942 est'

358 2969 412 3010 ib.
445 2971 515 3018 24,
545 2970 572 3009 3
612 2967 811 3022 (honores
849 2967 1035 3010 nondum
1072 2968 1237 3010 videtur
1272 2969 1476 3024 yessisse).
1542 2968 1737 3010 Virtutes
1777 2968 1868 3010 eius
1907 2967 2074 3024 praedi-

359 3041 512 3077 cantur
532 3035 588 3077 ib.
628 3035 820 3090 Reliquit
840 3035 946 3077 duas
969 3036 1077 3078 filias
1100 3037 1155 3079 ib.
1178 3039 1242 3087 16,
1265 3039 1304 3079 6.
1324 3039 1353 3078 8
1373 3037 1443 3092 (ef.
1466 3036 1586 3090 infra
1605 3035 1680 3078 sub
1703 3035 1877 3077 Metilia
1898 3035 2076 3078 Marcia

362 3107 401 3146 et
431 3102 605 3145 Metzlia
634 3103 812 3157 Rufina.

275 3173 379 3216 382³
406 3170 611 3224 Metilius,
643 3171 823 3212 maritus
845 3171 990 3212 P1na1
980 3186 1058 3226 lae,
1081 3172 1132 3213 L.
1155 3172 1318 3213 Pinarii
1340 3172 1472 3214 Rusci
1495 3171 1632 3227 (enfra
1654 3171 1698 3213 P
1711 3173 1809 3226 310)
1835 3171 2075 3227 quaestoris

360 3239 475 3282 filiae
505 3238 592 3293 (vel
623 3239 799 3293 sororis)
831 3238 898 3281 VI
919 3241 1040 3281 1489.

277 3309 360 3351 383
390 3306 592 3361 Metilius,
610 3306 852 3363 praefectus
872 3306 1075 3363 praesidii
1093 3307 1472 3363 Hierosolymitani
1489 3308 1546 3362 (a.
1559 3309 1646 3363 66),
1667 3307 1839 3350 Iudaeis
1861 3306 2074 3349 seditiosis

362 3391 407 3418 se
437 3375 557 3418 dedit
585 3374 788 3430 Iosephus
820 3374 912 3417 bell.
934 3378 976 3425 2,
999 3378 1066 3425 17,
1089 3378 1155 3420 10.
