2190 3724
238 279 478 316 DOMITIVS
1115 274 1171 316 24
1801 280 2042 318 DOMITIVS

283 422 287 425 ’
325 410 587 464 Germanost,
631 410 721 466 ‘qui
761 424 858 452 cum
899 416 1009 451 esset
1049 409 1303 452 candidatus
1344 409 1541 451 Caesaris
1578 416 1750 466 praetor
1786 411 2046 466 designatus,

322 479 477 521 missus
522 484 585 520 est
631 478 685 520 ab
730 478 830 533 imp.
872 478 1138 534 Vespasiano
1182 478 1379 532 Augusto
1425 478 1590 532 legatus
1635 493 1712 534 pro
1757 485 1954 535 praetore
1993 478 2047 521 ad

323 547 559 588 exercitum
589 547 662 602 qui
695 552 758 588 est
783 547 826 587 in
858 545 1026 600 Africa,
1060 552 1103 588 et
1131 546 1285 588 absens
1325 547 1436 588 inter
1466 548 1702 602 praetorios
1733 546 1936 600 relatus'3
1976 547 2048 589 do-

322 622 449 657 natus
471 615 594 656 donis
619 613 878 656 militaribus
900 629 926 655 a
946 615 1213 670 Vespasiano
1237 621 1278 657 et
1302 615 1401 656 Tito
1424 615 1608 657 Caesare
1630 618 1657 657 t.
1681 619 1717 657 1.
1770 614 1932 657 Consul
1953 616 2047 657 suff.

320 699 358 726 a.
390 684 474 726 inc.
534 681 769 724 Proconsul
810 683 1059 738 provinciae
1098 682 1274 724 Africae
1312 683 1458 724 titulus
1497 684 1650 736 fratris
1689 683 1768 725 XI
1793 686 1917 733 5210,
1958 696 2049 725 sue-

322 764 457 793 eessor
477 753 587 804 puto
615 750 768 803 fratris
799 749 870 803 (ef.
892 751 967 791 sul)
994 750 1100 806 hoe).
1152 750 1328 792 Fetialis
1358 754 1385 792 t.
1408 754 1445 792 1.
1495 752 1709 794 Patronus
1738 751 2049 806 Fulginiatium

322 823 350 860 t.
382 823 419 860 1.
454 843 504 848 —-
538 818 682 860 Senex
714 825 756 860 et
794 819 990 860 omnibus
1031 818 1232 860 membris
1273 825 1422 875 captus
1463 834 1641 861 uxorem
1681 819 1806 862 duxit
1846 819 2049 861 feminam

320 887 518 941 nobilem,
553 893 594 928 et
624 888 761 942 ipsam
791 893 931 928 aetate
955 886 1164 928 declivem
1188 887 1307 929 Plv‘n.
1329 890 1368 936 8,
1391 889 1456 937 18,
1478 890 1517 929 8.
1564 888 1729 930 Fratris
1759 887 1890 930 filiam
1921 887 2049 944 adop-

321 956 451 1008 tavitz,
483 954 662 997 eandem
688 954 889 996 heredem
918 955 1092 1011 reliquit
1113 955 1231 997 Plv‘n.
1254 958 1292 1005 8,
1315 958 1380 1005 18,
1405 959 1448 998 2.
1469 959 1507 1010 4,
1539 963 1716 1012 nepotes
1737 963 1780 998 et
1799 962 2050 1012 proneptem

322 1023 474 1077 legatis
516 1029 766 1079 prosecutus
806 1024 887 1077 272„
930 1038 1037 1077 qum
1059 1024 1283 1077 praesentes
1307 1027 1446 1077 potest
1478 1027 1572 1065 orta
1602 1038 1688 1066 esse
1718 1038 1768 1066 ese
1798 1025 1889 1066 alia
1917 1039 2049 1066 uxore

321 1105 444 1144 quam
477 1091 657 1133 duxerat
683 1092 856 1133 amenis.
922 1092 990 1133 De
1027 1098 1280 1133 testamento
1318 1107 1467 1134 recens
1508 1091 1699 1134 defuncti
1740 1092 1915 1135 Plinius
1959 1093 2050 1146 ayit

323 1160 349 1201 l.
373 1173 406 1201 e.
429 1159 610 1213 epistula
628 1173 709 1201 ser.
731 1174 771 1201 a.
794 1160 891 1202 edre.
914 1162 1006 1202 108.
1029 1185 1086 1189 -
1111 1160 1376 1203 Memoratur
1397 1175 1483 1202 uua
1503 1175 1600 1203 cum
1630 1161 1763 1203 fratre
1793 1176 1819 1203 a
1844 1161 2046 1203 Martial.

324 1232 363 1278 1,
392 1231 458 1277 36,
490 1231 540 1278 1;
566 1231 605 1278 3,
638 1231 708 1278 20,
741 1231 818 1279 17,·
848 1231 886 1278 9,
918 1231 983 1270 51.

238 1297 318 1339 144
349 1303 400 1338 Μ.
430 1301 671 1338 DOMITIVS
703 1302 1024 1339 VALERIANVS
1065 1296 1232 1351 legatus
1260 1296 1448 1351 Augusti
1489 1312 1567 1353 pro
1606 1302 1802 1353 praetore
1823 1297 2048 1352 (Ciliciae)

320 1367 348 1406 t.
378 1378 466 1418 rep.
498 1364 729 1418 ffl'erapoli
763 1364 951 1415 Ciliciae,
985 1365 1174 1407 Journal
1204 1365 1255 1418 os
1277 1365 1453 1407 leellenv'e
1482 1365 1639 1407 studies
1659 1368 1723 1415 11,
1756 1367 1865 1407 1890
1887 1380 1934 1420 p.
1951 1369 2047 1409 246,

233 1457 290 1462 --
321 1439 366 1475 L.
400 1438 663 1474 SERVILIVS
697 1439 938 1475 DOMITIVS
970 1439 1222 1474 VALERIVS
1254 1439 1453 1474 FRONTO
1485 1439 1747 1475 LVCIANVS.

237 1501 318 1543 145
351 1500 587 1554 (Domitius
600 1500 639 1556 ?)
662 1500 878 1557 Ulpianus
896 1499 1169 1555 (yentiliev'um
1190 1502 1430 1543 eonv'eetura
1450 1502 1603 1543 nititur
1627 1502 1681 1555 ef.
1700 1502 1851 1559 infra),
1874 1503 2048 1558 Tyrius,

319 1571 642 1624 grammaticus,
674 1571 904 1624 agnomine
934 1568 1226 1621 Κειτούκειτος,
1258 1571 1423 1611 amicus
1453 1569 1688 1625 Athenaei,
1720 1569 1775 1612 ab
1808 1570 1958 1612 eodem
1987 1572 2048 1612 in-

321 1637 476 1679 ductus
508 1639 551 1679 in
583 1639 784 1679 convivio
816 1637 933 1693 quod
965 1639 1138 1693 scripsit
1157 1637 1401 1679 Athenaeus
1421 1638 1455 1680 I
1468 1653 1515 1692 1).
1538 1641 1563 1679 1
1585 1637 1623 1687 d,
1647 1652 1667 1679 e
1698 1638 1752 1692 ef.
1785 1638 1827 1681 V
1839 1653 1887 1693 p.
1908 1641 1995 1682 209
2015 1639 2047 1692 f,

319 1709 407 1749 221
429 1719 467 1756 a,
501 1705 569 1747 VI
590 1708 681 1749 228
701 1719 733 1755 e,
766 1708 850 1748 234
871 1719 904 1747 e.
964 1706 1150 1748 Moritur
1190 1705 1320 1762 paulo
1362 1713 1458 1762 post
1499 1707 1749 1748 convivium
1780 1706 1888 1748 illud
1918 1706 2048 1748 Athe-

318 1787 449 1815 naeus
469 1773 567 1816 XV
579 1788 626 1828 p.
649 1776 730 1815 686
750 1787 782 1816 e.
834 1773 902 1815 De
921 1773 1111 1816 Domitio
1142 1774 1334 1828 Ulpiano
1363 1775 1473 1816 iuris
1502 1774 1700 1825 consulto,
1733 1777 1772 1816 et
1791 1775 1882 1829 ipso
1909 1775 2047 1830 Tyrio,

319 1845 474 1884 eertum
505 1845 566 1884 est
592 1856 676 1884 non
707 1843 950 1897 eoyv'tavisse
979 1842 1266 1893 Athenaeum,
1312 1856 1403 1884 eunt
1443 1857 1527 1884 non
1565 1842 1700 1884 solum
1735 1842 1854 1897 lonye
1885 1843 2048 1885 diversa

319 1910 485 1961 tradat,
527 1910 600 1952 sed
630 1911 757 1952 etiam
786 1911 1003 1965 serasera
1033 1914 1129 1952 ante
1158 1910 1267 1953 laune
1301 1911 1488 1953 adultum
1503 1944 1512 1961 ,
1546 1914 1687 1965 potest
1723 1912 1965 1966 eoyv'tam‘sse
1999 1911 2049 1953 de

311 1982 440 2033 patre
469 1979 558 2020 eius
580 1982 807 2033 praeterea
837 1980 990 2034 iynoto.

239 2047 320 2090 146
350 2047 568 2089 Domitius
599 2047 829 2103 Ulpianus.
888 2048 1107 2090 Domitius
1148 2047 1363 2104 Ulpianus
1404 2047 1651 2090 Alexander
1689 2047 1788 2102 unp.
1820 2046 1909 2089 eod.
1939 2047 2046 2090 Iust.

318 2119 357 2166 4,
389 2118 453 2166 65,
483 2119 534 2166 4;
573 2118 611 2166 8,
643 2119 709 2166 37,
740 2120 778 2166 4,
826 2116 1094 2158 Modestinus
1133 2115 1235 2170 vaq.
1277 2119 1347 2166 27,
1386 2119 1424 2166 1,
1465 2119 1530 2166 13,
1571 2119 1614 2166 2,
1656 2115 1745 2158 Dio
1781 2117 1850 2166 80,
1883 2118 1922 2166 1,
1960 2116 2049 2157 vita

318 2183 559 2225 Alemandrz‘
587 2186 661 2234 68,
704 2183 999 2226 Diocletianus
1034 2184 1121 2226 eod.
1159 2185 1265 2226 Iust.
1299 2188 1336 2234 9,
1368 2187 1434 2234 41,
1462 2187 1534 2234 11,
1578 2183 1719 2226 Victor
1756 2182 1875 2225 Caes.
1905 2187 1976 2234 24,
2007 2187 2045 2234 6,

318 2252 538 2294 Domitius
569 2252 824 2294 Lactantius
852 2252 950 2294 inst.
981 2255 1019 2303 5,
1051 2256 1104 2294 11
1130 2255 1258 2303 (πίνη
1295 2251 1512 2308 Ulpianus
1541 2252 1706 2306 reliqui.
1773 2251 1840 2305 Cf.
1872 2251 2048 2294 Hirsch-

318 2320 407 2374 feld
443 2320 537 2363 Unt.
561 2334 608 2374 p.
640 2323 725 2363 234
753 2334 794 2363 n.
829 2324 896 2364 72.
958 2321 1076 2376 Tyro
1118 2320 1328 2363 oriundus
1366 2321 1456 2375 ipse
1490 2321 1598 2363 libro
1629 2320 1679 2362 de
1708 2320 1898 2362 censibus
1926 2318 2046 2374 (Diq.

315 2391 382 2439 50,
415 2391 479 2439 15,
509 2391 535 2431 1
555 2403 643 2443 pr„
677 2388 726 2430 de
755 2402 798 2431 se
827 2389 919 2443 ipso
951 2390 1042 2443 ayit
1071 2390 1198 2431 etiam
1228 2388 1331 2443 Dry.
1352 2392 1390 2439 4,
1423 2392 1466 2438 2,
1499 2392 1537 2439 9,
1569 2392 1618 2439 3;
1647 2392 1712 2439 40,
1744 2391 1787 2438 2,
1819 2390 1876 2443 8).
1900 2387 2048 2443 -Papi-

316 2458 444 2499 niano
484 2456 702 2514 praefecto
742 2458 948 2513 praetorii
989 2458 1034 2498 in
1072 2456 1273 2512 consilio,
1315 2457 1398 2498 vit.v
1418 2457 1534 2498 Peso.
1565 2457 1696 2511 Nv'yri
1725 2460 1750 2498 7
1759 2469 1772 2507 ;
1811 2455 1934 2498 Alex.
1974 2458 2044 2505 26,

317 2532 467 2581 postea
504 2531 580 2567 aut
618 2527 850 2567 memoriae
888 2527 1096 2580 magister
1138 2532 1214 2568 aut
1251 2524 1495 2567 libellorum
1531 2523 1689 2577 (utrum
1722 2538 1806 2567 non
1837 2523 2044 2580 adparet),

316 2594 388 2636 vit.
419 2593 536 2636 Pese.
570 2593 702 2648 Niyri
732 2596 769 2635 7.
825 2593 897 2636 Ab
929 2584 1164 2648 Elagabalo
1196 2600 1386 2636 remotus
1415 2594 1487 2635 vit.
1518 2593 1649 2647 Elay.
1681 2595 1765 2637 16.’
1795 2591 2047 2635 Praefectus

316 2677 511 2704 annonae
551 2676 696 2704 mense
736 2662 893 2704 Martio
934 2677 970 2704 a.
1002 2663 1085 2705 222
1129 2661 1215 2704 eod.
1260 2662 1367 2704 Iust.
1402 2664 1443 2712 8,
1474 2664 1539 2712 37,
1571 2665 1610 2703 4.
1670 2661 1892 2703 Mamaeae
1930 2659 2045 2715 Aug.

315 2731 458 2785 gratia
486 2730 695 2773 Flaviano
727 2737 770 2773 et
800 2730 981 2773 Chresto
1022 2730 1250 2786 praefectis
1280 2731 1485 2786 praetorii
1516 2729 1680 2784 collega
1708 2729 1904 2784 additus,
1945 2735 2045 2771 ante

318 2798 404 2841 kal.
436 2799 543 2841 Dec.
576 2800 674 2854 222,
707 2813 793 2855 quo
825 2799 894 2840 die
925 2798 1170 2855 praefectus
1201 2799 1417 2854 praetorio
1448 2797 1691 2854 appellatur
1721 2797 1775 2842 ab
1795 2797 2045 2840 Alexandro

317 2866 404 2909 eod.
437 2867 543 2909 Iust.
573 2870 612 2917 4,
645 2870 709 2918 65,
741 2871 779 2917 4,
810 2881 913 2909 mox
944 2881 1015 2909 eos
1046 2867 1262 2909 subvertit
1287 2866 1375 2909 Dio
1395 2869 1462 2917 80,
1495 2870 1549 2918 2,·
1583 2866 1738 2908 Zosim.
1761 2869 1798 2916 1,
1820 2869 1886 2908 11.
1931 2864 2046 2918 (Iam
2115 2903 2120 2905 s

316 2935 392 2976 sub
418 2935 662 2989 Elayabalo
691 2935 824 2989 fuisse
854 2949 946 2977 eum
966 2936 1234 2989 praefectum
1265 2935 1487 2990 praetorio
1518 2934 1715 2989 perhibet
1745 2933 1885 2977 Victor
1924 2933 2044 2976 Caes.

317 3006 387 3053 24,
420 3006 445 3044 6
475 3003 529 3056 ef.
562 3004 633 3045 vit.
664 3003 788 3045 Alex.
819 3007 890 3054 26,
922 3006 977 3060 5).
1029 3003 1218 3046 Multum
1258 3010 1399 3060 potest
1429 3003 1510 3045 sub
1538 3002 1789 3045 Alexandro
1819 3002 1890 3044 va.
1920 3001 2044 3044 Alex.

317 3073 382 3121 15,
414 3073 463 3122 6;
491 3074 561 3121 26,
591 3074 644 3123 5;
672 3075 742 3122 27,
774 3075 828 3123 2;
854 3075 920 3123 31,
952 3075 1006 3123 2,·
1035 3075 1100 3123 34,
1133 3076 1181 3123 6,·
1210 3075 1275 3122 51,
1303 3075 1352 3122 4,·
1381 3074 1446 3121 67,
1478 3074 1534 3122 2,·
1566 3070 1784 3125 Syneellus
1805 3084 1853 3124 p.
1875 3073 1956 3113 673
1974 3069 2044 3120 R,

317 3153 472 3195 parens
503 3139 557 3181 ab
587 3154 635 3181 eo
677 3139 916 3196 appellatus
945 3140 1033 3182 eod.
1066 3141 1172 3182 Iust.
1203 3144 1242 3190 4,
1275 3142 1339 3190 65,
1369 3143 1407 3181 4.
1469 3138 1772 3192 (Consiliarius
1802 3137 2042 3180 Alexandri

320 3213 362 3250 et
390 3207 596 3261 magister
625 3208 771 3249 scrinii
792 3209 863 3250 va.
886 3208 1009 3250 Alex.
1032 3212 1101 3258 26,
1135 3208 1333 3250 adsessor
1361 3206 1431 3249 vel
1462 3207 1608 3249 scrinii
1639 3207 1845 3261 magister
1863 3206 2043 3260 Eutrop.

316 3277 355 3325 8,
377 3278 447 3326 23,
470 3290 660 3318 assessor
674 3275 914 3318 Alexandri
930 3276 1216 3330 Hieronymus
1232 3275 1318 3318 cler.
1342 3275 1400 3317 ad
1420 3289 1458 3316 a.
1475 3274 1582 3317 Abr.
1600 3278 1720 3318 2242
1739 3294 1794 3310 =
1806 3289 1854 3329 p.
1874 3274 1919 3317 C.
1936 3277 2046 3326 228,-

316 3343 490 3387 Orosoe'us
512 3347 549 3395 7,
575 3346 642 3395 18,
670 3346 729 3400 8).
789 3345 1076 3387 Praetorianis
1108 3350 1334 3401 suspectus
1365 3343 1462 3386 Zos.
1494 3347 1531 3394 1,
1563 3347 1627 3395 11,
1660 3342 1868 3386 seditione
1898 3350 2045 3386 coorta
