2202 3724
141 288 372 326 LVCILIVS
1004 283 1087 324 303
1718 287 1948 324 LVCILIVS

229 420 461 474 conicitur,
500 419 575 461 sed
605 434 707 462 mox
738 418 921 462 solvitur
956 419 1055 462 Tac.
1084 421 1125 469 3,
1155 422 1227 461 12.
1286 417 1520 461 Interfecto
1551 417 1725 460 Vitellio
1766 419 1950 460 mittitur

226 487 283 530 ad
304 487 644 544 componendam
667 487 949 544 Campaniam
970 487 1070 530 Tac.
1090 486 1130 531 h.
1151 490 1190 537 4,
1210 490 1251 529 3.
1282 486 1533 529 Praefectus
1554 487 1780 542 utriusque
1801 485 1949 528 classis

227 557 447 598 etiamtum
486 557 658 598 ineunte
690 571 728 598 a.
760 556 809 598 71
845 555 1080 610 diplomata
1108 555 1319 597 militaria
1350 555 1454 597 data
1483 555 1522 598 d.
1552 558 1579 597 5
1608 554 1717 609 Apr.
1752 558 1804 597 71
1835 554 1947 609 (III

229 638 277 678 p.
309 626 405 674 860,
435 623 524 666 ΙΙΙ
551 623 597 667 S.
620 638 668 677 p.
699 626 808 666 1959
839 643 894 658 =
924 623 972 666 X
997 623 1108 676 867).
1140 647 1196 652 —
1231 623 1422 678 Legatus
1464 624 1619 664 missus
1657 624 1701 665 in
1742 622 1948 665 Iudaeam

225 691 428 746 Iosephus
459 692 550 734 bell.
582 695 620 742 7,
652 695 690 742 6,
722 696 747 734 1
777 691 981 747 (adlectus
1009 692 1169 734 scilicet
1196 693 1307 734 inter
1327 692 1572 746 praetorios
1602 706 1629 733 a
1670 691 1950 745 Vespasiano,·

224 761 312 802 nisi
347 761 482 802 mavis
521 763 706 802 statuere
744 759 848 802 duos
888 774 936 802 eo
978 763 1160 815 tempore
1198 760 1331 813 fuisse
1371 759 1560 802 Isucilios
1600 759 1790 810 Bassos),
1827 774 1948 802 exer-

224 829 359 871 citum
388 844 415 871 a
445 828 546 871 Sex.
578 828 809 871 Vettuleno
837 828 1006 871 Ceriale
1036 829 1204 884 accipit,
1247 828 1486 870 Herodium
1524 835 1566 870 et
1595 827 1949 870 Machaeruntem

225 896 400 940 castella
440 897 579 953 capit,
620 897 722 938 item
762 896 919 939 saltum
958 896 1119 939 dictum
1159 895 1317 938 Iarden
1347 896 1549 950 Iosephus
1580 895 1672 938 bell.
1707 899 1744 946 7,
1776 900 1814 946 6,
1848 898 1947 940 1-5.

225 965 406 1008 Terram
445 964 650 1008 Iudaeam
691 965 879 1007 vendere
920 964 1094 1007 iubetur
1135 980 1160 1006 a
1200 965 1468 1021 Vespasiano
1512 965 1569 1007 ib.
1604 967 1643 1007 6.
1713 963 1818 1006 Mox
1857 963 1949 1006 obit

224 1034 282 1076 ib.
311 1037 348 1084 7,
380 1036 420 1084 8,
451 1037 490 1076 1.

138 1102 223 1144 284
253 1107 294 1143 e.
334 1107 564 1142 LVCILIVS
605 1106 855 1142 BEN1est
898 1106 1175 1142 NINNIANVS
1207 1099 1256 1143 O.
1287 1099 1337 1153 f.,
1371 1099 1515 1154 [t]r[ib.
1547 1099 1650 1154 mik]
1683 1114 1709 1140 a
1740 1099 1943 1156 popu[lo],

224 1166 388 1221 (deinde
413 1170 632 1224 complura
652 1169 875 1223 perierunt
897 1169 944 1211 in
963 1169 1022 1223 t.),
1046 1168 1300 1225 [quaestor?
1322 1168 1532 1225 pr]0vinc.
1557 1167 1743 1224 [H]is[p].
1769 1167 1949 1223 (supple-

222 1241 404 1280 mentum
442 1251 527 1280 non
566 1240 762 1293 certum),
804 1237 957 1280 aedilis
988 1236 1202 1292 C[erialis]
1246 1237 1337 1291 (secl
1371 1237 1520 1279 lectum
1550 1240 1610 1278 est
1639 1238 1685 1278 in
1717 1240 1743 1279 t.
1777 1243 1851 1279 CI.
1871 1270 1880 1279 .
1898 1240 1946 1291 T)

222 1309 251 1348 t.
289 1306 563 1361 Corfiniensi-s
600 1306 681 1349 IX
715 1309 822 1348 3155
857 1305 1051 1360 difficilis
1090 1305 1208 1348 lectu.
1270 1305 1404 1348 Filia:
1446 1305 1614 1348 Lucilia
1654 1306 1851 1360 Benigna
1891 1306 1946 1348 ib.

223 1375 278 1428 cf.
309 1375 390 1418 IX
414 1377 535 1418 3156.
562 1377 683 1418 3157.

138 1443 221 1485 285
250 1442 444 1485 Lucilius
485 1443 660 1500 Capito,
704 1450 958 1500 procurator
999 1442 1151 1497 Asiae,
1201 1449 1432 1484 accusante
1470 1443 1694 1498 provincia
1731 1458 1757 1484 a
1796 1450 1948 1485 senatu

223 1511 449 1554 damnatus
479 1527 518 1554 a.
543 1513 597 1555 23
635 1512 733 1554 Tac.
756 1526 796 1554 a.
815 1515 854 1562 4,
877 1514 928 1554 15
939 1525 953 1563 ,·
981 1510 1070 1554 Dio
1093 1514 1161 1561 57,
1182 1514 1253 1554 23.

137 1580 223 1622 286
250 1580 446 1623 Lucilius
471 1581 622 1623 Iunior
652 1580 865 1634 (Lucilius
897 1580 1058 1623 Seneca
1078 1581 1257 1635 passim,
1291 1581 1441 1622 Iunior
1471 1579 1528 1622 id.
1557 1583 1647 1622 nat.
1677 1583 1836 1633 quaest.
1867 1579 1946 1622 IV

218 1650 363 1702 praef.
395 1650 452 1703 9),
494 1650 657 1691 amicus
688 1649 900 1704 Senecae,
943 1649 998 1691 ad
1029 1664 1158 1705 quem
1193 1648 1265 1690 ille
1295 1650 1467 1705 scripsit
1495 1648 1687 1691 libellum
1717 1648 1771 1690 de
1802 1649 1944 1704 provi—

223 1717 388 1772 dentia,
435 1719 539 1760 item
580 1717 842 1760 naturalium
882 1718 1183 1774 quaestionum
1229 1717 1385 1771 libros,
1437 1717 1625 1774 denique
1666 1716 1946 1773 epistularum

223 1785 356 1828 libros
386 1788 651 1843 superstites.
713 1786 877 1830 Seneca
907 1793 1012 1829 natu
1041 1787 1183 1828 minor
1211 1789 1300 1828 nat.
1331 1789 1489 1840 quaest.
1520 1789 1558 1836 3,
1586 1788 1625 1836 1,
1649 1789 1700 1836 1;
1731 1800 1793 1839 ep.
1813 1788 1884 1835 26,
1908 1789 1945 1836 7,

221 1861 346 1897 natus
373 1855 417 1896 in
446 1855 604 1912 oppido
635 1854 779 1911 aliquo
811 1854 1096 1911 Campaniae,
1136 1855 1354 1911 Pompeiis
1387 1861 1435 1896 ut
1463 1854 1636 1896 videtur
1665 1853 1735 1895 vel
1764 1853 1947 1910 Neapoli

223 1938 285 1978 ep.
304 1927 372 1974 49,
394 1927 434 1966 1.
465 1927 531 1974 53,
554 1928 593 1966 1.
623 1927 688 1974 70,
709 1927 748 1974 1,
782 1923 873 1966 loco
905 1923 1056 1965 humili
1087 1927 1175 1967 nat.
1207 1918 1365 1977 quaest.
1396 1927 1423 1966 4
1444 1923 1590 1977 praef.
1621 1926 1698 1974 15;
1726 1937 1788 1977 ep.
1818 1925 1884 1972 19,
1906 1925 1945 1972 5,

221 1991 300 2034 sed
330 1992 543 2047 ingenuus
569 2007 632 2047 ep.
653 1996 717 2043 44,
740 1996 778 2034 6.
822 1992 1116 2048 ‘Quamquam
1146 1999 1378 2049 paupertas
1409 1991 1494 2033 alia
1525 1991 1737 2045 suaderet,
1769 1990 1824 2032 ad
1855 2005 1945 2032 car-

220 2061 340 2102 mina
357 2062 548 2115 gratuita
574 2076 620 2103 se
641 2060 819 2103 deflexit
848 2068 890 2103 et
919 2060 975 2103 ad
1004 2060 1192 2103 salutare
1223 2060 1412 2103 studium
1444 2059 1740 2116 philosophiae
1772 2074 1817 2101 se
1848 2074 1945 2101 con·

223 2128 334 2171 tulit'
369 2129 531 2172 Seneca
559 2132 648 2173 nat.
680 2133 839 2183 quaest.
870 2133 897 2172 4
924 2130 1069 2183 praef.
1101 2133 1155 2171 14
1185 2130 1395 2184 (carmina
1424 2128 1504 2171 illa
1530 2129 1726 2183 yratuita
1752 2128 1948 2170 nonnulli

222 2200 384 2251 putant
413 2212 464 2240 ea
493 2199 590 2252 ipsa
620 2199 930 2254 epiyrammata
950 2212 1056 2252 quae
1084 2198 1161 2240 sub
1183 2198 1361 2240 Lucillii
1387 2198 1553 2240 nomine
1581 2197 1744 2238 tradita
1773 2199 1871 2238 sunt
1903 2197 1946 2237 in

153 2284 155 2286 ¹
221 2265 441 2321 florileyiis
467 2266 678 2322 Graecis).
722 2266 903 2309 Amicus
933 2266 1032 2321 (Cn.
1061 2265 1251 2309 Cornelii
1283 2265 1478 2318 Lentuli)
1508 2264 1724 2308 Gaetulici
1756 2264 1944 2306 consulis

221 2349 259 2376 a.
276 2349 318 2390 p.
335 2333 437 2377 Chr.
455 2335 509 2377 26
531 2334 693 2378 Seneca
711 2338 801 2377 nat.
822 2338 978 2389 quaest.
999 2338 1027 2377 4
1049 2335 1194 2389 praef.
1215 2338 1268 2377 15
1290 2333 1504 2387 (notabile,
1531 2334 1658 2376 etiam
1677 2333 1946 2376 Gaetulicum

222 2403 534 2457 epiyrammata
560 2402 731 2446 Graeca
757 2403 1064 2457 composuisse).
1115 2403 1204 2446 Sua
1235 2403 1448 2445 industria
1477 2402 1616 2444 factus
1638 2417 1769 2458 eques
1791 2403 1945 2444 Roma-

221 2486 304 2514 nus
334 2486 396 2526 ep.
426 2475 491 2522 44,
522 2475 554 2515 2
593 2468 694 2524 (non
732 2475 842 2515 recte
875 2472 955 2514 huc
996 2475 1219 2514 traxerunt
1249 2471 1445 2514 nonnulli
1474 2485 1566 2522 aes,
1608 2485 1688 2524 quo
1718 2485 1746 2512 a
1778 2470 1946 2513 Nerone

222 2539 422 2582 donatum
461 2554 504 2582 sc
544 2553 629 2583 esse
662 2541 812 2583 scribit
840 2540 1049 2582 Isacillius
1079 2539 1194 2582 anth.
1228 2539 1326 2582 Pal.
1359 2543 1398 2590 9,
1428 2543 1538 2591 572;
1576 2552 1694 2594 eques
1724 2539 1946 2581 Romanus

221 2609 364 2662 factus
396 2622 482 2652 esse
510 2608 675 2651 videtur
714 2609 934 2663 aliquanto
970 2612 1068 2651 ante
1099 2608 1285 2651 Neronis
1313 2607 1567 2662 imperium).
1630 2608 1696 2650 ‘In
1737 2607 1942 2650 medium’

221 2691 319 2719 eum
341 2676 613 2733 protulerunt
637 2678 815 2731 ‘ingenii
836 2678 971 2732 vigor,
1005 2678 1263 2733 scriptorum
1284 2675 1509 2731 elegantia,
1542 2676 1684 2718 clarae
1714 2682 1757 2717 et
1780 2675 1945 2717 nobiles

221 2745 450 2788 amicitiae‘
484 2760 546 2800 ep.
579 2749 645 2796 19,
674 2749 714 2788 3.
770 2745 1068 2789 Constantiam
1100 2746 1213 2799 eius,
1246 2760 1346 2787 cum
1377 2744 1630 2789 Gaetulicus
1660 2760 1686 2786 a
1717 2745 1839 2797 Gaio,
1872 2744 1943 2786 alii

222 2813 348 2856 amici
390 2814 482 2856 eius
526 2829 552 2856 a
595 2813 778 2857 Claudio
824 2815 953 2857 occisi
997 2820 1160 2868 essent,
1204 2813 1354 2855 laudat
1398 2813 1561 2856 Seneca
1603 2817 1692 2858 nat.
1728 2816 1884 2866 quaest.
1918 2816 1945 2854 4

223 2882 369 2935 praef.
398 2884 464 2924 15.
537 2882 687 2925 ‘Tulit‘
730 2897 830 2925 eum
873 2882 1017 2938 ‘longe
1061 2898 1087 2924 a
1131 2889 1365 2938 conspectu
1408 2883 1523 2924 vitae
1564 2882 1748 2924 salubris
1793 2882 1945 2938 rapida

222 2948 416 3004 felicitas,
450 2951 672 3007 provincia
702 2957 745 2993 et
774 2951 1036 3007 procuratio‘
1061 2965 1123 3005 ep.
1145 2954 1212 3001 19,
1233 2953 1272 2993 5.
1326 2949 1756 2992 ‘Procuratiunculae
1786 2952 1940 3006 pretio‘

222 3018 375 3060 transit
403 3033 482 3075 per
501 3018 743 3061 Poeninum
764 3018 1001 3062 Graiumve
1031 3026 1230 3072 montem,
1263 3033 1340 3075 per
1369 3018 1540 3060 deserta
1559 3017 1820 3073 Candaviae,
1853 3022 1945 3064 adit

223 3084 388 3140 Syrtes‘
413 3098 475 3140 ep.
495 3089 563 3136 31,
585 3090 611 3129 9
642 3085 822 3139 (videtur
850 3087 982 3141 iyitur
1003 3088 1248 3141 praefuisse
1271 3087 1455 3141 Alpibus
1483 3086 1646 3135 Graiis,
1679 3087 1734 3139 ef.
1766 3079 1944 3121 Hirsch-

221 3153 312 3206 feld
352 3153 466 3196 CIL.
501 3154 608 3197 XII
637 3169 685 3208 p.
716 3155 865 3205 XIII,
910 3168 977 3197 res
1016 3156 1286 3210 imperatoris
1326 3155 1688 3197 administravisse
1728 3154 1770 3194 in
1807 3149 1944 3204 Epiro

221 3220 285 3263 vel
330 3222 590 3264 Macedonia
633 3225 674 3264 et
715 3223 761 3264 in
804 3223 992 3277 Africa).
1064 3223 1324 3266 Procurator
1374 3224 1417 3264 in
1463 3222 1610 3266 Sicilia
1650 3221 1810 3264 Seneca
1852 3222 1942 3261 nat.

221 3293 379 3343 quaest.
408 3293 436 3333 4
456 3291 601 3344 praef.
631 3293 671 3341 1,
702 3305 764 3345 ep.
796 3294 862 3341 31,
885 3295 925 3334 9.
953 3294 1017 3341 45,
1049 3295 1093 3334 2.
1125 3294 1187 3342 79,
1219 3295 1256 3334 1.
1288 3316 1346 3321 —
1377 3292 1445 3333 De
1476 3290 1630 3333 studiis
1661 3290 1752 3331 eius
1783 3288 1943 3332 Seneca

221 3360 309 3400 nat.
329 3361 487 3411 quaest.
504 3362 531 3400 4
552 3359 697 3412 praef.
718 3362 785 3402 14.
829 3359 964 3401 Liber
985 3360 1076 3401 eius
1101 3361 1345 3414 argumenti
1377 3366 1426 3402 ut
1453 3358 1629 3400 videtur
1657 3356 1942 3413 philosophici
