2202 3724
145 299 309 335 IVLIVS
1011 292 1091 336 179
1781 299 1946 336 IVLIVS

227 431 380 486 patruo
408 444 506 472 cum
542 431 578 472 is
608 429 662 472 ab
682 429 880 485 Augusto
911 429 1190 486 adoptaretur
1210 429 1252 473 d.
1273 429 1327 472 27
1350 430 1444 472 Iun.
1469 430 1550 473 757
1570 450 1627 465 =
1642 431 1669 473 4
1690 446 1732 487 p.
1751 430 1799 473 C.
1832 430 1948 474 Suet.

235 498 325 540 Tib.
357 500 422 549 15,
452 497 544 541 Cal.
578 502 615 543 1.
635 501 676 548 4,
713 498 811 541 Ταῦ.
840 513 879 540 α.
910 501 949 549 1,
970 502 1010 540 3.
1038 501 1076 552 4,
1098 500 1166 548 57,
1196 497 1286 540 Dio
1304 500 1370 549 55,
1391 501 1446 540 13
1466 498 1589 553 (Zon.
1609 501 1676 549 10,
1697 501 1781 555 36),
1815 499 1949 541 dietus

227 566 324 609 inde
353 566 640 610 Germanicus
669 566 805 610 Iulius
837 566 998 610 Caesar
1028 566 1183 620 (Iulius
1211 580 1359 608 nomen
1389 569 1450 609 est
1479 566 1640 609 V6416
1673 569 1712 609 et
1739 568 1786 609 in
1816 567 1951 610 titulis

227 634 406 678 Graecis
423 635 609 690 Isphesio
637 649 706 689 ap.
738 635 872 679 Wood
900 635 1147 677 disem’eries
1163 635 1290 677 inser.
1311 635 1425 689 from
1445 634 1512 677 the
1529 634 1792 690 Auyusteum
1819 649 1862 678 n.
1883 638 1948 686 11,

232 706 272 746 et
299 704 417 746 Iasio
455 703 553 746 bull.
586 703 635 746 de
665 717 773 746 corr.
802 703 897 746 hell.
929 705 1038 746 1891
1059 718 1108 758 p.
1129 704 1241 758 545).
1310 703 1502 746 Uxorem
1538 703 1667 746 duxit
1695 704 1951 760 Vipsaniam

230 770 518 827 Agrippinam
538 771 597 812 M.
618 770 841 827 Agrippae
862 777 906 813 et
924 770 1060 813 Iuliae
1085 770 1218 812 filiam
1240 770 1356 814 Suet.
1386 770 1478 813 Cal.
1500 774 1538 822 7,
1571 785 1684 814 anno
1711 775 1761 814 ut
1787 771 1952 814 videtur

230 854 278 894 p.
307 839 408 881 Chr.
435 841 474 889 5,
506 852 599 881 eum
627 839 744 894 filius
774 840 833 882 eis
859 842 987 882 natus
1016 839 1072 881 sit
1102 839 1217 881 eirca
1244 853 1284 881 α.
1310 842 1337 881 6
1366 837 1439 893 (ef.
1473 839 1711 883 Mommsen
1730 841 1876 884 Herm.
1898 845 1952 884 13

229 922 277 962 p.
298 907 412 961 246).
472 906 622 949 Ludos
662 907 751 950 edit
790 922 887 949 cum
927 906 1110 950 Claudio
1151 907 1285 950 fratre
1323 908 1367 949 in
1408 907 1614 950 honorem
1646 909 1781 951 Drusi
1816 911 1950 966 patris

230 992 267 1020 a.
299 992 340 1033 p.
374 976 421 1019 G.
454 977 480 1018 6
516 975 605 1018 Dio
633 978 698 1026 55,
729 979 791 1019 27
828 976 883 1030 ef.
924 975 1044 1020 Plin.
1075 975 1116 1017 h.
1145 990 1188 1018 n.
1219 979 1262 1026 2,
1293 979 1359 1019 96.
1399 979 1439 1026 8,
1471 981 1519 1027 4,
1561 976 1732 1020 Aelian.
1774 978 1824 1021 de
1860 983 1949 1022 nat.

230 1045 360 1087 anim.
381 1048 424 1095 2,
445 1048 511 1087 11.
565 1043 778 1097 Quaestor
808 1060 845 1087 a.
869 1044 893 1087 7
924 1043 1013 1086 Dio
1032 1046 1097 1094 55,
1119 1047 1173 1086 31
1201 1043 1447 1098 (quaestura
1470 1049 1728 1088 memoratur
1756 1047 1845 1090 III
1855 1051 1948 1092 334.

230 1113 404 1155 V4308.
435 1113 516 1155 XI
520 1112 715 1169 V3942).
776 1112 942 1155 Eodem
980 1127 1093 1155 anno
1133 1113 1289 1154 missus
1329 1114 1375 1154 in
1409 1113 1635 1169 Illyricum
1670 1116 1847 1157 virtutis
1878 1131 1950 1158 ex-

227 1182 467 1238 perimenta
496 1180 616 1223 dedit
644 1180 734 1224 Dio
758 1183 824 1231 55,
853 1184 921 1223 31.
951 1183 1011 1223 32
1040 1178 1162 1233 (Ztm.
1195 1184 1262 1231 10,
1294 1180 1378 1235 37),
1411 1181 1513 1224 Vell.
1543 1186 1587 1233 2,
1610 1186 1702 1234 116,
1734 1184 1836 1226 item
1866 1200 1904 1228 a.
1925 1186 1952 1227 9

229 1248 319 1292 Dio
336 1252 402 1300 56,
425 1252 491 1291 11.
512 1252 583 1292 12.
604 1252 669 1292 15.
717 1248 985 1292 Ornamenta
1013 1248 1292 1305 triumphalia
1322 1250 1361 1291 ei
1391 1249 1576 1304 decreta,
1607 1253 1953 1310 permissumque

230 1325 279 1361 ut
308 1317 577 1361 consulatum
607 1324 707 1360 ante
736 1324 906 1374 tempus
936 1324 1101 1374 peteret
1130 1317 1220 1360 Dio
1237 1321 1303 1369 56,
1325 1321 1391 1360 17.
1436 1318 1490 1360 A.
1515 1320 1561 1361 ll
1594 1320 1750 1363 missus
1779 1322 1823 1363 in
1845 1323 1951 1366 Ger-

228 1388 418 1429 maniam
442 1401 541 1429 cum
560 1386 736 1429 Tiberio
757 1386 846 1429 Dio
865 1389 931 1437 56,
952 1389 1011 1430 25
1041 1386 1137 1442 (pro
1163 1385 1339 1428 consule
1358 1385 1460 1438 Dio,
1490 1387 1561 1428 vix
1588 1390 1728 1441 reete).
1789 1389 1953 1432 Consul

228 1471 267 1498 a.
289 1457 342 1498 12
371 1471 449 1512 per
478 1457 696 1511 integrum
726 1470 885 1498 annum
904 1454 993 1498 Dio
1013 1457 1079 1506 56,
1101 1458 1171 1499 26.
1219 1454 1367 1497 Ludos
1386 1455 1616 1510 magnifice
1636 1456 1726 1498 edit
1745 1458 1802 1500 ib.
1824 1471 1857 1501 ῦ.
1879 1463 1950 1502 27.

228 1524 396 1566 Exacto
436 1523 661 1566 consulatu
698 1524 853 1566 missus
890 1524 934 1565 in
966 1523 1247 1567 Germaniam
1278 1522 1394 1566 Suet.
1431 1522 1524 1567 Cal.
1555 1526 1604 1574 8,
1642 1525 1739 1567 Ταῦ.
1773 1540 1812 1568 α.
1843 1530 1881 1577 1,
1910 1530 1951 1578 3,

230 1592 331 1636 Vell.
346 1596 390 1644 2,
408 1596 505 1644 123,
525 1593 645 1636 Oros.
664 1596 702 1643 7,
720 1596 759 1644 4,
775 1595 816 1636 3.
852 1591 1041 1635 censum
1063 1591 1303 1636 Galliarum
1326 1593 1414 1647 egit
1434 1607 1472 1634 a.
1488 1593 1541 1635 14
1566 1593 1665 1635 Ταῦ.
1687 1608 1728 1636 α.
1748 1598 1787 1645 1,
1803 1597 1868 1637 31.
1884 1598 1951 1640 33.

228 1661 542 1704 Proconsulare
581 1662 810 1718 imperium
849 1662 888 1702 ei
928 1660 1149 1703 decretum
1194 1661 1292 1703 Ταῦ.
1325 1675 1365 1703 α.
1395 1664 1443 1711 1,
1475 1664 1540 1704 14.
1616 1661 1778 1705 Audita
1816 1671 1953 1706 morte

229 1730 415 1785 Augusti
445 1730 640 1785 legiones*
669 1730 951 1774 Germanicas
981 1730 1025 1771 in
1053 1729 1190 1772 verba
1216 1729 1380 1772 Tiberii
1410 1729 1560 1784 adigit,
1593 1729 1881 1774 detractantes
1912 1738 1954 1774 et

229 1799 312 1855 ipsi
332 1799 558 1855 imperium
580 1798 749 1840 deferre
773 1804 946 1855 paratas
967 1799 1200 1854 compescit
1220 1798 1319 1840 Ταῦ.
1338 1812 1378 1840 α.
1394 1801 1433 1848 1,
1450 1801 1606 1849 31—49,
1630 1798 1746 1843 Suet.
1770 1800 1865 1844 Tib.
1881 1804 1950 1852 25,

226 1865 319 1909 Gal.
354 1869 404 1917 1,
436 1866 524 1909 Dio
552 1869 619 1917 57,
649 1869 677 1909 5
707 1866 830 1922 (Zon.
861 1869 935 1916 11,
966 1868 1023 1922 1),
1066 1866 1167 1908 Vell.
1197 1870 1241 1917 2,
1270 1869 1367 1910 125.
1421 1867 1636 1921 Legiones
1676 1867 1798 1911 ducit
1834 1875 1953 1912 trans

229 1935 430 1978 Rhenum
455 1935 553 1979 Ταῦ.
580 1938 613 1986 1,
634 1937 794 1986 50-52,
815 1933 904 1977 Dio
923 1937 991 1985 57,
1013 1937 1052 1977 6.
1078 1934 1344 1991 Triumphus
1365 1935 1405 1976 ei
1425 1934 1625 1977 decretus
1646 1936 1744 1978 Tae.
1767 1951 1807 1981 α.
1828 1941 1867 1988 1,
1887 1941 1954 1981 55.

229 2003 540 2061 Expeditiones
561 2005 654 2046 eius
675 2003 962 2047 Germanicae
983 2018 1022 2046 a.
1045 2004 1097 2046 15
1125 2009 1167 2046 et
1196 2018 1234 2045 a.
1258 2004 1311 2046 16
1340 2003 1439 2045 Ταῦ.
1462 2017 1501 2046 α.
1524 2006 1563 2054 1,
1584 2006 1740 2055 55-71,
1771 2008 1815 2055 2,
1836 2008 1956 2049 5-26

229 2073 283 2127 ef.
317 2072 415 2117 Ταῦ.
445 2071 587 2115 Germ.
606 2075 673 2123 37,
696 2071 784 2115 Dio
802 2074 870 2122 57,
891 2075 958 2115 18.
1010 2071 1147 2127 Signa
1179 2086 1277 2114 cum
1296 2071 1414 2114 Varo
1437 2072 1596 2113 amissa
1614 2073 1768 2128 recipit
1793 2073 1891 2118 Ταῦ.
1914 2088 1952 2118 α.

225 2144 264 2191 1,
287 2143 353 2192 60,
374 2144 417 2192 2,
438 2145 493 2184 41
502 2155 516 2193 ;
534 2154 727 2183 nummus
748 2155 816 2196 ap.
833 2140 996 2183 Eokhel
1015 2143 1099 2194 61).
1115 2143 1216 2184 209.
1247 2140 1354 2196 Imp.
1373 2140 1419 2182 II
1438 2139 1556 2182 tituli
1575 2140 1601 2195 (
1603 2140 1671 2182 VI
1679 2143 1774 2183 909.
1795 2141 1845 2183 Χ
1858 2145 1953 2185 513.

227 2211 333 2252 1415
353 2212 460 2265 eet),
492 2210 673 2264 fortasse
693 2213 927 2264 utrumque,
959 2212 1068 2251 certe
1096 2208 1234 2259 semel,
1256 2222 1307 2251 ex
1327 2207 1447 2251 bellis
1473 2207 1744 2253 Germaniae.
1784 2209 1953 2252 Trium-

227 2277 332 2335 phat
358 2293 398 2322 a.
421 2278 473 2321 17
504 2293 542 2321 a.
574 2278 615 2322 d.
646 2278 735 2321 VH
763 2277 851 2320 kal.
881 2278 1031 2320 Iunias
1067 2277 1165 2321 Ταῦ.
1188 2291 1228 2319 α.
1249 2280 1292 2327 2,
1315 2280 1380 2327 41,
1414 2276 1573 2319 Strabo
1605 2280 1699 2331 71).
1721 2281 1819 2329 291,
1852 2278 1954 2321 Vell.

226 2351 269 2398 2,
292 2349 389 2398 129,
421 2346 537 2391 Suet.
566 2346 659 2389 Gal.
690 2350 738 2397 1,
777 2346 991 2389 Eusebius
1030 2345 1170 2389 ebron.
1204 2345 1263 2387 ad
1290 2359 1330 2387 α.
1361 2347 1475 2388 2033
1504 2344 1632 2399 (male
1663 2345 1717 2387 de
1747 2346 1953 2403 Parthis),

226 2414 345 2459 Oros.
380 2419 417 2466 7,
449 2419 488 2466 4,
519 2417 559 2466 3,
589 2414 761 2459 Aelian.
792 2418 880 2457 nat.
913 2415 1042 2456 anim.
1063 2417 1107 2466 2,
1127 2417 1193 2458 11.
1252 2413 1412 2456 Missus
1441 2414 1487 2455 in
1516 2415 1827 2457 transmarinas
1857 2430 1953 2472 pro·

226 2484 392 2525 vincias
431 2498 530 2525 cum
569 2489 780 2540 potestate
820 2482 1165 2525 extraordinaria
1199 2482 1297 2525 Ταῦ.
1332 2496 1371 2526 α.
1399 2484 1443 2532 2,
1473 2484 1528 2524 43
1557 2482 1612 2535 cf.
1646 2481 1747 2525 Vell.
1778 2486 1821 2534 2,
1853 2487 1952 2527 129.

228 2550 391 2594 Consul
410 2552 456 2595 H
485 2566 586 2594 cum
615 2550 792 2594 Tiberio
820 2566 858 2594 a.
882 2551 935 2593 18
963 2551 1072 2605 fasti
1080 2564 1094 2602 ‚·
1122 2565 1251 2607 quem
1276 2549 1484 2592 honorem
1506 2551 1588 2592 init
1610 2550 1808 2608 Nicopoli
1830 2552 1955 2609 Epiri

233 2620 331 2663 Ταῦ.
364 2635 404 2665 α.
434 2624 478 2671 2,
507 2623 573 2664 53.
633 2620 723 2663 Iter
756 2620 847 2662 eius
886 2634 965 2676 per
995 2619 1226 2664 Graeciam
1255 2619 1302 2660 in
1331 2618 1481 2661 Asiam
1514 2619 1613 2662 Ταῦ.
1645 2633 1685 2661 α.
1716 2623 1760 2671 2,
1790 2623 1857 2663 53.
1887 2624 1953 2663 54.

226 2689 444 2732 Armeniis
482 2702 630 2747 regem
669 2688 744 2731 dat
780 2689 878 2732 Ταῦ.
910 2703 949 2732 α.
980 2691 1034 2739 2,
1064 2691 1137 2738 56,
1174 2687 1290 2731 Suet.
1319 2686 1411 2730 Gal.
1442 2690 1493 2739 1;
1532 2689 1676 2730 ovatio
1714 2689 1752 2730 ei
1782 2689 1956 2732 decreta

235 2758 332 2801 Ταῦ.
355 2772 396 2800 α.
414 2761 458 2808 2,
480 2761 546 2802 64.
606 2756 928 2814 Cappadociam
958 2757 1004 2799 in
1033 2757 1285 2813 provinciae
1313 2756 1498 2798 formam
1527 2755 1687 2810 redigit
1717 2757 1815 2799 Ταῦ.
1848 2757 1874 2802 l.
1905 2771 1951 2807 ῦ.,

228 2826 347 2870 Suet.
380 2826 406 2871 l.
438 2840 472 2869 ῦ.
529 2826 763 2869 Inimicitia
793 2827 831 2868 ei
862 2840 962 2868 cum
991 2826 1149 2868 Pisone
1178 2824 1320 2880 legato
1352 2824 1505 2881 Syriae
1540 2825 1638 2869 Ταῦ.
1662 2839 1701 2867 α.
1724 2828 1767 2875 2,
1794 2827 1858 2867 55.
1885 2829 1952 2869 57.

230 2895 316 2937 Iter
346 2895 437 2937 eius
467 2893 784 2951 Aegyptiacum
814 2909 853 2938 a.
876 2894 930 2936 19
966 2894 1063 2936 Tae.
1087 2908 1126 2936 α.
1148 2898 1191 2944 2,
1213 2896 1368 2944 59-61,
1401 2893 1517 2938 Suet.
1546 2893 1637 2938 Tib.
1660 2896 1718 2937 52
1746 2894 1800 2947 ef.
1832 2893 1951 2937 Plin.

227 2963 268 3006 h.
286 2977 329 3006 n.
349 2966 390 3013 8,
412 2966 505 3014 185,
536 2963 676 3005 Amm.
701 2963 845 3006 Mare.
868 2967 943 3014 22,
965 2966 1030 3013 14,
1051 2965 1092 3005 8.
1148 2963 1365 3005 Reversus
1395 2963 1440 3004 in
1471 2962 1644 3018 Syriam
1673 2962 1821 3004 Pisoni
1852 2963 1953 3003 ami-

227 3032 374 3074 citiam
403 3033 623 3074 renuntiat
649 3031 764 3075 Suet.
793 3030 886 3076 Gal.
906 3035 947 3074 3.
990 3031 1178 3074 Moritur
1195 3030 1456 3074 Antiochiae
1483 3031 1580 3073 Ταῦ.
1604 3045 1644 3073 α.
1666 3034 1708 3080 2,
1734 3033 1802 3080 72,
1836 3030 1951 3072 Suet.

234 3100 326 3144 Tib.
347 3103 416 3151 39,
445 3099 537 3143 Cal.
557 3103 597 3151 1,
627 3099 716 3143 Dio
735 3103 802 3151 57,
824 3103 880 3142 18
909 3100 1033 3155 (Zon.
1055 3103 1122 3151 11,
1142 3099 1198 3154 1),
1230 3115 1267 3143 a.
1300 3099 1341 3142 d.
1373 3099 1439 3143 VI
1465 3099 1563 3142 idus
1593 3098 1690 3142 Oct.
1720 3099 1820 3151 fast.
1848 3098 1951 3141 Ant.

231 3167 415 3211 Senatus
456 3167 640 3211 consulti
678 3168 781 3211 facti
820 3169 866 3211 in
902 3168 1110 3211 honorem
1141 3168 1390 3212 Germanici
1419 3174 1516 3224 post
1543 3173 1726 3209 mortem
1756 3167 1847 3208 eius
1879 3166 1951 3219 (ef.

231 3236 330 3279 Ταῦ.
363 3251 403 3279 α.
434 3240 478 3287 2,
509 3239 580 3294 83)
610 3243 655 3279 et
683 3238 729 3279 in
758 3251 858 3279 aere
886 3238 1011 3279 incisi
1041 3235 1279 3293 particulae
1311 3236 1380 3279 VI
1401 3239 1482 3278 911
1510 3236 1564 3289 cf.
1588 3250 1635 3289 p.
1655 3237 1747 3276 841.
1808 3233 1951 3288 Elogii

228 3304 479 3362 sepulcralis
519 3304 810 3360 fragmentum
840 3305 909 3348 VI
929 3308 1012 3349 894
1041 3306 1095 3359 ef.
1129 3305 1367 3348 Mommsen
1406 3304 1464 3346 ad
1497 3317 1606 3346 mon.
1637 3302 1797 3357 Aneyr.
1829 3301 1891 3344 ed.
1922 3305 1954 3345 2

229 3387 278 3428 1).
297 3375 352 3416 54
380 3376 466 3416 not.
515 3372 673 3428 Augur
692 3373 904 3428 (nondum
933 3389 970 3418 a.
991 3389 1033 3430 p.
1055 3373 1103 3416 C.
1136 3375 1163 3416 6
1194 3373 1365 3424 V6416,
1398 3371 1473 3415 sed
1502 3372 1587 3413 iam
1606 3372 1726 3473 12}ss
1751 3370 1841 3412 III
1853 3371 1952 3425 334)
