2202 3724
151 264 411 303 MVNATIVS
1014 259 1092 302 391
1703 267 1959 303 MVNATIVS

236 398 341 452 fam.
364 399 431 448 10,
454 399 495 440 8.
515 399 614 454 24),·
644 400 672 439 t.
693 399 736 440 2.
784 396 987 440 Colonias
1008 396 1184 440 deducit
1202 397 1435 440 Rauricam
1466 400 1494 440 t.
1517 400 1557 450 3,
1589 404 1633 440 et
1662 398 1962 454 Lugudunum

237 470 266 509 t.
295 469 346 518 3,·
374 464 463 509 Dio
490 469 559 516 46,
588 468 656 516 50,
689 465 832 510 Seneo.
865 460 1025 520 apocol.
1056 469 1094 517 6,
1126 466 1304 509 Hieron.
1327 466 1386 508 ad
1414 481 1442 508 a
1461 466 1569 509 Abr.
1592 470 1716 510 1992.
1758 467 1905 510 Iussus
1936 483 1962 509 a

236 541 389 576 senatu
426 533 585 576 bellum
625 549 722 576 cum
752 534 811 578 M.
843 533 1034 577 Antonio
1064 548 1239 589 gerere,
1274 535 1384 590 ‘diu,
1417 549 1601 592 quarum
1632 542 1745 578 esset
1773 537 1961 592 partium

237 617 385 644 secum
417 601 617 657 luctatus,
649 617 766 645 nunc
786 603 959 645 adiutor
978 603 1034 646 D.
1058 604 1183 646 Bruti
1206 605 1460 660 senatuique
1481 619 1526 646 se
1546 603 1700 647 litteris
1720 604 1961 658 venditans,

236 687 339 714 mox
374 670 569 717 eiusdem
595 671 805 728 proditor‘
839 670 1000 724 (Velm,
1033 671 1205 714 tandem
1236 673 1382 728 copias
1412 687 1511 714 suas
1551 687 1649 714 cum
1680 673 1740 716 M.
1771 673 1961 715 Antonio

238 739 464 794 coniungit
490 738 576 782 Cic.
599 754 661 794 ep.
684 739 743 782 ad
761 740 866 793 fam.
886 743 953 790 10,
976 743 1015 790 6,
1034 743 1060 782 1
1086 743 1159 784 cet.
1188 743 1253 791 10,
1273 743 1340 791 33,
1362 744 1401 783 1.
1431 744 1498 791 11,
1521 744 1560 791 9,
1579 744 1611 784 2
1631 744 1670 783 et
1695 741 1814 793 alibi,
1846 741 1961 783 Phil.

236 812 302 859 13,
323 811 391 859 19,
411 811 465 850 44
475 821 488 859 ‚·
518 808 611 850 Liv.
633 822 730 862 per.
759 811 868 859 120,·
908 807 1008 850 Vell.
1038 811 1080 858 2,
1112 811 1188 860 63,·
1216 809 1406 864 Appiam.
1441 810 1479 851 b.
1509 823 1542 852 ε.
1563 812 1602 860 3,
1623 813 1691 852 46.
1714 814 1782 854 72.
1807 814 1871 853 74.
1893 813 1961 852 81.

235 880 302 920 90.
334 879 401 919 96.
433 879 512 928 97;
540 875 628 918 Dio
657 879 723 927 46,
756 879 828 919 29.
856 879 911 919 53
920 889 933 927 ;
972 875 1089 918 Plut.
1124 876 1229 920 Ant.
1260 891 1294 920 c.
1325 880 1391 922 18.
1449 878 1651 920 Fratrem
1689 878 1741 922 L.
1773 877 1962 920 Plotium

237 944 448 988 Plancum
477 943 837 1001 proscribendum
865 944 1120 1001 comprobat
1150 944 1250 990 Vell.
1283 949 1326 996 2,
1359 949 1415 988 67
1422 959 1437 998 ,·
1462 945 1577 1000 App.
1613 947 1648 989 b.
1682 960 1715 988 c.
1749 949 1788 996 4,
1819 949 1877 989 12
1906 947 1961 1000 of.

235 1013 352 1056 Plin.
373 1012 413 1055 h.
433 1027 476 1057 n.
499 1015 564 1062 13,
585 1015 644 1056 25
659 1011 772 1065 (inde
789 1011 924 1055 Solin.
940 1016 1006 1062 46,
1021 1012 1078 1067 3).
1109 1013 1370 1070 Triumphat
1391 1029 1446 1056 ex
1464 1014 1606 1058 Gallia
1622 1014 1662 1058 d.
1681 1013 1736 1058 29
1754 1014 1861 1057 Dec.
1880 1013 1960 1056 711

236 1083 337 1137 fast.
357 1081 462 1136 Gap.
475 1084 514 1123 et
523 1080 675 1131 Barb„
693 1095 749 1122 ex
765 1081 909 1123 Raetis
933 1083 961 1123 t.
971 1083 1010 1131 3,
1025 1081 1079 1134 cf.
1103 1080 1202 1124 Vell.
1215 1085 1258 1132 2,
1272 1085 1338 1132 67,
1351 1085 1391 1124 3.
1415 1081 1577 1124 Consul
1593 1097 1690 1125 cum
1703 1082 1762 1124 M.
1776 1082 1962 1125 Aemilio

236 1149 403 1207 Lepido
425 1164 462 1194 a.
481 1149 563 1192 712
579 1148 668 1191 Dio
681 1152 748 1199 47,
765 1151 832 1199 16,
854 1149 1013 1191 Zonar.
1030 1153 1098 1200 10,
1116 1151 1198 1201 18,·
1216 1150 1335 1204 fasti.
1368 1151 1631 1205 Rogationes
1653 1151 1744 1193 eius
1762 1150 1815 1192 de
1835 1152 1965 1193 venia

237 1218 382 1261 danda
410 1217 670 1275 quibusdam
700 1231 756 1259 ex
781 1218 1033 1274 proscriptis
1061 1217 1176 1272 App.
1209 1218 1244 1261 b.
1279 1232 1311 1261 c.
1342 1222 1382 1269 4,
1414 1222 1482 1262 37.
1508 1221 1574 1263 45.
1634 1218 1778 1274 Agros
1808 1218 1965 1261 dividit

154 1284 158 1287 i
236 1287 476 1331 Beneventi
512 1289 541 1329 t.
570 1289 598 1328 3
638 1285 838 1340 (fortasse
879 1300 928 1328 eo
969 1287 1194 1342 tempore).
1263 1286 1384 1329 Bello
1426 1287 1638 1329 Perusino
1679 1288 1731 1330 L.
1771 1286 1963 1330 Antonio

234 1355 446 1399 auxilium
476 1354 665 1398 ostendit
698 1355 835 1409 magis
863 1369 993 1410 quam
1024 1354 1108 1396 fert
1139 1354 1239 1397 Vell.
1266 1359 1309 1406 2,
1343 1358 1418 1407 74‚·
1447 1355 1562 1410 App.
1595 1356 1632 1398 b.
1666 1369 1700 1398 c,
1732 1358 1771 1406 5,
1801 1358 1869 1400 33.
1896 1358 1962 1398 35.

234 1427 303 1469 50.
333 1428 399 1469 61.
459 1423 587 1466 Italia
617 1422 789 1465 excedit
818 1422 920 1465 Vell.
950 1425 994 1474 2,
1029 1426 1081 1465 76
1089 1436 1104 1475 ,·
1132 1423 1247 1478 App.
1277 1425 1316 1474 5,
1337 1427 1408 1467 50.
1468 1424 1648 1466 Antonii
1680 1439 1821 1466 comes
1848 1424 1962 1479 App.

230 1496 275 1545 5,
298 1495 363 1536 55.
406 1492 513 1535 Asia
534 1492 573 1534 ei
599 1491 654 1534 ab
675 1490 866 1534 Antonio
897 1490 1058 1533 tradita
1077 1490 1166 1534 Dio
1185 1494 1252 1547 48,
1273 1495 1343 1535 24.
1399 1491 1552 1547 (Circa
1581 1492 1658 1535 hoo
1688 1496 1848 1547 tempus
1877 1492 1967 1534 cusi

235 1562 398 1605 nummi
434 1561 488 1603 ab
528 1560 667 1603 altera
697 1563 827 1615 parte
863 1560 1031 1616 nomine
1062 1560 1128 1602 M.
1157 1560 1361 1612 Antonii,
1403 1561 1457 1603 ab
1490 1560 1630 1603 altera
1657 1562 1718 1604 sio
1747 1561 1966 1615 inscripti:

237 1632 288 1675 L.
311 1630 498 1673 Plancus
529 1643 695 1686 procos.
726 1628 790 1671 vel
819 1629 921 1685 imp.
942 1629 1050 1683 iter.,
1082 1629 1244 1672 Eekhez
1263 1633 1289 1672 6
1311 1644 1359 1684 p.
1380 1631 1435 1672 43
1454 1650 1509 1664 =
1531 1629 1726 1672 Babelon
1749 1629 1966 1671 marmaies

237 1700 286 1743 de
307 1699 352 1742 la
371 1701 459 1754 rep.
480 1713 583 1741 rom.
603 1698 638 1741 I
651 1712 699 1752 p.
720 1699 803 1740 178
822 1697 1050 1752 n.57-59).
1079 1698 1322 1754 Imperator
1342 1700 1498 1741 iterum
1518 1699 1681 1740 nummi
1700 1697 1773 1752 (cf.
1790 1697 1966 1752 Μῄονα),

238 1772 266 1811 t.
288 1771 327 1811 1.
347 1771 376 1811 3
395 1767 462 1822 (de
481 1770 664 1821 tempore
683 1780 768 1809 non
793 1769 980 1818 constan
1009 1765 1239 1821 Boryhesae'i
1263 1781 1358 1821 opp.
1379 1770 1411 1809 2
1430 1782 1480 1822 p.
1495 1769 1550 1810 85
1571 1767 1712 1822 opinio
1734 1769 1839 1817 erat,
1872 1779 1964 1808 eum

235 1838 532 1891 imperatorem
571 1836 724 1877 iterum
761 1834 1020 1890 appellatum
1059 1848 1145 1877 esse
1175 1849 1287 1877 anno
1327 1838 1421 1886 720,
1458 1849 1550 1878 eum
1581 1835 1647 1879 M.
1678 1835 1869 1877 Antonio
1897 1848 1965 1877 ex-

229 1903 757 1962 peditionisArmeniaeae
773 1916 906 1946 comes
923 1902 1055 1958 esset).
1078 1903 1129 1945 In
1146 1902 1308 1945 insulas
1326 1903 1523 1959 confugit
1533 1904 1683 1946 Asiam
1701 1903 1965 1960 pervadente

234 1974 429 2018 Labieno
452 1973 584 2028 (anno
599 1972 700 2026 714)
720 1971 809 2014 Dio
828 1974 895 2022 48,
918 1974 988 2015 26.
1019 1971 1148 2014 Anno
1166 1972 1249 2015 719
1270 1972 1376 2028 (Dio
1392 1976 1459 2024 49,
1477 1972 1546 2027 18)
1570 1973 1744 2028 Syriam
1763 1972 1964 2026 regebat3

234 2041 491 2085 credebatur
511 2041 687 2082 iussisse
708 2039 884 2082 caedem
902 2039 1004 2083 Sex.
1021 2040 1199 2096 Pompei
1214 2040 1404 2095 Appiam.
1424 2041 1461 2085 b.
1480 2055 1512 2085 c,
1529 2044 1569 2092 5,
1585 2044 1678 2084 144.
1709 2041 1966 2082 Assentator

234 2110 491 2167 Cleopatrae
512 2108 612 2152 Vell.
627 2112 672 2159 2,
693 2111 760 2151 83.
804 2108 946 2150 Iudex
966 2109 1209 2165 sponsionis
1231 2110 1345 2151 inter
1365 2108 1641 2166 Cleopatram
1662 2116 1705 2151 et
1724 2109 1963 2152 Antonium

233 2181 398 2223 victum
427 2179 544 2221 hunc
573 2178 825 2234 pronuntiat
845 2177 964 2220 Plin.
986 2177 1026 2220 h.
1047 2192 1090 2220 n.
1113 2181 1151 2228 9,
1173 2181 1282 2229 121;
1309 2178 1506 2223 Macrob.
1529 2182 1609 2221 sat.
1625 2181 1664 2228 3,
1686 2182 1752 2229 17,
1776 2181 1842 2220 16.
1893 2178 1963 2219 Ad

237 2248 468 2293 Caesarem
488 2247 659 2290 transiit
689 2261 727 2289 a.
749 2246 832 2289 722
863 2245 964 2288 Vell.
986 2249 1030 2296 2,
1051 2248 1131 2298 83;
1158 2245 1277 2289 Plut.
1297 2246 1400 2290 Ant.
1424 2260 1456 2289 c.
1469 2249 1525 2290 58
1533 2261 1547 2298 ,·
1566 2246 1655 2289 Dio
1668 2250 1735 2297 50,
1757 2250 1797 2297 3,
1825 2246 1964 2288 eidem

235 2322 542 2360 testamentum
556 2315 737 2358 Antonii
759 2314 904 2371 prodit
919 2314 1040 2357 Plut.
1057 2315 1083 2357 l.
1101 2329 1150 2366 6.,
1169 2314 1258 2358 Dio
1274 2315 1299 2357 l.
1314 2329 1346 2359 e.
1372 2315 1549 2358 Senatui
1567 2322 1718 2358 auctor
1735 2315 1962 2358 Caesarem

235 2387 482 2441 Augustum
508 2398 601 2426 esse
621 2382 927 2440 appellandum
949 2383 1051 2426 Vell.
1073 2387 1115 2433 2,
1139 2387 1216 2435 91;
1245 2383 1363 2427 Suet.
1380 2384 1492 2438 Any.
1517 2388 1545 2426 7
1551 2398 1565 2436 ,·
1591 2384 1810 2427 Censorin.
1830 2387 1900 2433 21,
1923 2386 1962 2425 8.

233 2454 400 2498 Aedem
422 2453 598 2496 Saturni
619 2453 784 2494 extruit
803 2451 856 2494 de
877 2452 1078 2494 manibiis
1100 2455 1127 2496 t.
1143 2455 1195 2503 3;
1221 2452 1338 2495 Suet.
1351 2452 1463 2507 Amy.
1479 2455 1538 2496 29
1559 2453 1614 2506 of.
1632 2455 1660 2494 t.
1681 2456 1720 2497 1.
1751 2452 1964 2495 Tabulam

235 2522 454 2580 quandam
487 2520 740 2563 Nicomachi
770 2521 815 2562 in
842 2519 1055 2576 Capitolio
1078 2519 1250 2562 dedicat
1270 2519 1392 2562 Ptin.
1422 2520 1462 2564 h.
1493 2535 1535 2563 n.
1561 2523 1628 2571 35,
1649 2523 1746 2563 108.
1799 2520 1965 2564 Censor

236 2607 275 2634 a.
289 2591 372 2634 732
393 2604 491 2632 cum
507 2588 642 2632 Paulo
656 2588 841 2631 Aemilio
857 2588 1024 2645 Lepido
1039 2589 1147 2642 fasti
1163 2588 1381 2632 Oolotiam'
1398 2588 1555 2643 aliique
1570 2588 1707 2644 (CIL.
1719 2589 1780 2633 ed.
1793 2593 1825 2633 2
1836 2604 1885 2643 p.
1898 2593 1961 2631 64.

235 2661 298 2703 65.
309 2658 380 2714 68)
391 2672 405 2711 ;
425 2658 524 2703 Vell.
542 2661 586 2708 2,
598 2660 676 2708 95,·
695 2656 784 2700 Dio
798 2659 864 2707 54,
877 2660 909 2700 2
917 2670 930 2708 ;
951 2656 1069 2700 Suet.
1088 2656 1230 2707 Ol.16,
1255 2657 1360 2700 Ner.
1375 2661 1425 2709 4,·
1447 2661 1475 2702 t.
1487 2661 1538 2709 3;
1561 2658 1651 2702 Val.
1665 2658 1791 2700 Max.
1806 2661 1843 2708 6,
1859 2661 1899 2708 8,
1914 2661 1964 2708 5;

235 2727 357 2772 Ptin.
387 2726 429 2770 h.
458 2741 500 2770 n.
531 2729 595 2780 13,
617 2729 688 2770 25.
738 2725 983 2782 septemvir
1013 2725 1246 2782 epulonum
1277 2729 1304 2768 t.
1331 2729 1371 2768 3.
1422 2727 1498 2769 Bis
1518 2726 1667 2769 consul
1699 2726 1819 2770 Plin.
1851 2726 1891 2770 h.
1920 2740 1963 2768 n.

236 2799 302 2847 13,
322 2798 380 2840 25
401 2795 516 2851 (inde
536 2794 710 2838 Solinus
729 2797 795 2845 46,
816 2794 859 2850 3)
882 2785 1025 2838 errore
1045 2795 1182 2850 (quem
1203 2795 1347 2850 aryuit
1367 2798 1396 2837 t.
1416 2798 1444 2837 3
1465 2795 1728 2849 sepulcralis,
1757 2796 1964 2838 mentione

234 2865 362 2907 unius
405 2867 570 2906 tantwm
614 2863 854 2906 consulatus
898 2863 1048 2917 facta).
1116 2863 1322 2920 Sepultus
1363 2878 1497 2920 prope
1535 2863 1733 2907 Caietam
1775 2866 1804 2905 t.
1835 2866 1875 2905 3.
1909 2889 1960 2894 —

237 2932 398 2976 Orator
426 2933 609 2987 insignis
638 2931 886 2987 Hieronym.
909 2931 967 2974 ad
990 2946 1030 2974 a.
1051 2931 1161 2974 Abr.
1183 2935 1309 2983 1992,
1347 2947 1514 2974 summa
1542 2931 1790 2988 eloquentia
1817 2931 1964 2974 Cicero

236 3002 283 3044 in
312 3000 494 3056 epistula
523 3000 582 3042 ad
599 3001 738 3055 ipswm
759 2999 817 3042 ad
835 3000 941 3054 fam.
962 3003 1029 3050 10,
1050 3002 1089 3050 3,
1110 3003 1139 3042 3
1168 3000 1222 3054 of.
1246 2999 1391 3044 Senec.
1413 3003 1594 3043 controv.
1616 3004 1654 3051 1,
1677 3003 1717 3050 8,
1740 3002 1815 3051 15;
1846 2999 1962 3043 Suet.

235 3069 341 3113 rhet.
361 3072 400 3112 6.
444 3069 497 3112 L.
517 3068 705 3111 Plancus
736 3075 881 3111 orator
900 3068 1112 3111 Asconius
1141 3069 1188 3110 in
1210 3067 1310 3110 Mil.
1333 3083 1382 3122 p.
1398 3071 1455 3111 33
1479 3068 1606 3112 Orell.
1657 3067 1887 3111 Orationes
1919 3067 1963 3109 in

238 3152 334 3180 eum
374 3136 558 3194 parabat
594 3136 772 3179 Asinius
802 3136 942 3179 Pollio
973 3135 1091 3179 Ptin.
1122 3136 1162 3179 h.
1192 3150 1234 3179 n.
1257 3136 1403 3191 praef.
1434 3139 1502 3178 31.
1556 3135 1780 3192 Epistulae
1811 3134 1963 3177 Planci

238 3206 293 3249 ad
325 3205 579 3250 Ciceronem
609 3212 652 3248 et
679 3206 868 3248 invicem
896 3205 985 3249 Cic.
1017 3205 1075 3248 ad
1102 3206 1206 3260 fam.
1236 3209 1302 3256 10,
1324 3209 1456 3248 1—24.
1487 3208 1553 3255 13,
1575 3208 1646 3248 29.
1681 3229 1732 3233 --
1763 3203 1834 3246 Ad
1866 3218 1961 3245 eum

239 3274 390 3318 datum
419 3273 590 3317 Horatii
621 3287 751 3316 carm.
774 3277 812 3324 1,
835 3277 871 3317 7.
901 3299 960 3304 —
989 3272 1059 3317 Ob
1090 3273 1417 3317 similitudinem
1448 3274 1540 3315 eius
1570 3272 1768 3314 histrioni
1800 3270 1963 3314 Rubrio

239 3356 393 3385 nomen
436 3343 685 3399 impositum
715 3339 836 3384 Plin.
866 3341 907 3384 h.
937 3355 979 3384 η.
1011 3344 1048 3392 7,
1079 3343 1132 3385 55
1163 3340 1277 3398 (inde
1308 3340 1482 3385 Solinus
1511 3344 1548 3391 1,
1578 3340 1662 3395 81).
1733 3338 1962 3383 Obiectum
