2190 3724
269 282 460 318 GALLVS
1127 276 1207 318 110
1799 282 2066 320 GARGILIVS

268 439 319 443 -
351 420 597 456 TOGONIVS
630 419 835 456 GALLVS.

269 507 318 511 -—
351 483 410 525 M.
440 482 640 525 Valerius
669 480 877 523 Romulus
908 480 1160 523 Timotheus
1187 480 1546 536 V[e]nul[e]ianus
1575 481 1843 537 V[e]nuleius
1874 481 2038 525 Gallus.

267 575 322 580 —
349 550 503 592 Vibius
535 548 697 593 Gallus

265 644 320 648 -—
352 625 452 662 IMP.
495 623 690 659 CAESAR
730 623 770 661 C.
802 624 968 671 VIBIVS
1006 624 1208 660 AFINIVS
1249 624 1442 660 GALLVS
1482 624 1880 661 VELDVMNIANVS
1919 624 2070 661 VOLV-

351 692 526 727 SIANVS
557 692 670 728 AVG.

265 779 320 784 —
349 761 449 796 IMP.
484 760 678 796 CAESAR
709 761 749 798 C.
781 761 946 796 VIBIVS
977 760 1331 797 TREBONIANVS
1364 761 1556 797 GALLVS
1587 761 1703 797 AVG.

262 847 319 852 -—
348 828 622 864 VIPSTANVS
655 829 864 865 GALLVS.

263 891 318 933 40
350 891 530 946 Gannys
551 890 775 946 Elagabali
799 891 1016 946 educator,
1040 892 1084 933 in
1105 905 1253 949 pugna
1273 898 1424 933 contra
1443 892 1686 933 Macrinum
1708 891 1799 934 dux
1813 891 1902 934 Dio
1919 895 1983 943 78,
1999 895 2065 935 38.

348 958 418 1000 Ab
448 958 685 1013 Elagabalo
718 960 882 1002 occisus
912 959 999 1002 Dio
1022 963 1086 1011 79,
1110 963 1147 1002 6.
1204 960 1471 1002 Memoratur
1499 959 1587 1002 Dio
1611 962 1675 1010 78,
1695 963 1763 1002 39.

261 1029 312 1070 41
347 1033 612 1070 GARGILIVS
643 1034 893 1079 ANTIQVVS
933 1028 1163 1085 proconsul
1193 1028 1326 1071 Asiae
1365 1028 1445 1071 sub
1475 1028 1698 1070 Hadriano
1740 1028 1858 1082 (ante
1887 1034 2068 1071 mortem

347 1096 532 1140 Sabinae
563 1102 610 1138 ut
640 1096 829 1150 videtur)
861 1100 887 1139 t.
919 1097 1215 1148 Laodicensis,
1248 1112 1315 1152 ap.
1342 1097 1534 1151 Rarnsay
1559 1096 1791 1139 American
1818 1097 1993 1150 journal
2022 1098 2074 1151 of

346 1165 621 1220 areliacoloyy
651 1169 679 1207 3
717 1166 858 1221 (1887)
890 1181 937 1220 p.
964 1169 1055 1210 345.
1124 1164 1328 1208 Fortasse
1360 1168 1488 1220 pater
1526 1166 1577 1207 L.
1619 1165 1843 1207 Pullaieni
1877 1164 2069 1219 Garyilii

344 1233 526 1287 Antiqui
544 1233 673 1288 leyati
697 1234 910 1276 Thraciae
933 1249 972 1278 a.
990 1237 1069 1276 161
1090 1235 1161 1288 (cf.
1183 1233 1332 1278 IIIS.
1356 1234 1492 1288 7394),
1521 1247 1623 1275 avus
1653 1234 1740 1275 cius
1769 1234 1842 1287 qui
1866 1234 2064 1287 sequitur.

258 1302 314 1344 42
345 1302 642 1357 GARGILUVS]
667 1303 946 1358 ANTI[QVVS]
971 1302 1287 1359 quindecimvir
1308 1303 1440 1344 sacris
1461 1302 1673 1344 faciundis
1694 1317 1732 1344 a.
1749 1303 1833 1344 204
1854 1305 1934 1345 act.
1956 1315 2063 1345 saec.

345 1370 451 1424 (eph.
475 1386 535 1425 ep.
554 1374 582 1412 8
604 1385 651 1425 p.
672 1374 758 1414 ,288
789 1372 842 1425 cf.
855 1386 904 1425 p.
926 1370 1040 1426 293).
1088 1371 1291 1413 Fortasse
1317 1385 1444 1425 nepos
1473 1371 1561 1413 eius
1590 1371 1665 1425 qui
1684 1370 1918 1425 praecedit,
1949 1370 2079 1425 filius·

342 1440 393 1481 L.
426 1439 650 1481 Pullaieni
676 1438 867 1494 Garyilii
894 1438 1086 1493 Antiqui.

259 1532 311 1538 --
342 1514 385 1550 L.
417 1513 731 1550 PVLLAIENVS
763 1514 1029 1549 GARGILIVS
1058 1514 1320 1558 ANTIQVVS.

256 1577 312 1618 43
343 1583 384 1626 Q.
419 1582 685 1618 GARGILIVS
717 1582 892 1618 MACER
921 1582 1158 1618 ACIDINVS
1193 1575 1310 1618 tribu
1339 1575 1469 1630 Arn.3
1510 1576 1712 1618 triumvir
1741 1574 1956 1631 capitalis,
1989 1577 2062 1618 tri·

342 1644 484 1686 bunus
506 1644 688 1687 militum
709 1644 889 1699 legionis
909 1645 953 1686 X
975 1644 1196 1698 Geminae,
1230 1651 1433 1700 quaestor
1453 1644 1655 1699 urbanus,
1689 1643 1887 1686 tribunus
1912 1643 2061 1700 plebis,

341 1719 524 1769 praetor,
558 1712 787 1769 proconsul
819 1712 974 1756 Cretae
1005 1719 1047 1755 et
1076 1712 1346 1769 Cyrenarum
1376 1713 1437 1755 II
1457 1716 1582 1756 4120.

255 1782 310 1823 44
342 1781 562 1836 Gargilius
592 1780 802 1823 Martialis
834 1782 1019 1837 scriptor
1048 1782 1110 1823 rei
1141 1782 1348 1836 rusticae3
1392 1781 1462 1823 ‘de
1498 1781 1632 1823 hortis
1663 1781 1834 1837 scripsit
1864 1779 2062 1836 pulcher-

340 1851 458 1903 rime,
491 1851 754 1892 nutrimenta
775 1849 937 1892 olerum
958 1856 999 1892 et
1019 1851 1199 1892 virtutes
1229 1864 1378 1892 eorum
1399 1849 1628 1904 diligenter
1647 1850 1862 1906 exposuit'
1893 1849 2064 1891 Cassio-

341 1918 485 1960 dorius
515 1918 563 1960 de
593 1919 853 1960 institutione
881 1918 1006 1962 divin.
1031 1918 1111 1962 litt.
1132 1921 1213 1969 aff,-
1243 1919 1400 1960 citatur
1420 1933 1448 1960 a
1469 1918 1672 1960 Palladio
1692 1922 1730 1968 4,
1753 1921 1791 1968 9,
1813 1921 1839 1960 9
1873 1920 1912 1960 et
1942 1917 2062 1959 alibi.

339 1987 410 2028 Ex
439 1987 608 2041 scriptis
638 1987 727 2028 eius
763 1986 980 2040 complura
1015 1986 1073 2028 ad
1108 2000 1185 2028 nos
1204 1989 1497 2041 pervenerunt,
1539 1987 1631 2028 alia
1658 1987 1750 2028 sine
1778 1986 1944 2028 nomine
1973 1986 2064 2027 eius

339 2059 378 2096 et
408 2056 646 2097 coniectura
677 2058 841 2097 tantum
871 2055 929 2097 ad
946 2069 1038 2096 euin
1058 2055 1210 2105 relata,
1241 2058 1288 2096 ut
1316 2055 1547 2097 medicinae
1572 2069 1622 2097 ex
1645 2054 1826 2097 oleribus
1846 2057 1886 2096 et
1905 2054 2060 2108 pomis,

341 2123 564 2165 adiunctae
594 2123 652 2165 ad
682 2123 914 2165 Plinianae
944 2123 1173 2165 medicinae
1204 2122 1334 2165 libros
1363 2126 1446 2165 tres
1477 2121 1548 2176 (cf.
1581 2123 1722 2165 Plinii
1742 2122 1928 2165 Secundi
1955 2136 2062 2175 quae

338 2192 475 2245 fertur
494 2206 582 2233 una
603 2206 695 2233 cunt
713 2190 903 2245 Garyilii
923 2191 1148 2233 Martialis
1170 2191 1379 2234 medicina
1399 2191 1460 2235 cd.
1484 2191 1644 2235 Valent.
1666 2191 1791 2241 Rose,
1811 2189 1949 2245 1875),
1972 2189 2063 2232 alia

337 2261 413 2302 sub
445 2260 610 2302 nominc
632 2259 860 2302 Martialis
889 2260 959 2314 (cf.
981 2259 1037 2301 A.
1058 2260 1159 2301 Mai
1185 2260 1305 2304 class.
1329 2263 1489 2302 auctor.
1510 2263 1549 2310 3,
1571 2262 1668 2315 418)
1698 2259 1763 2301 vel
1792 2260 1920 2301 etiam
1946 2258 2059 2301 Gar-

335 2329 433 2382 gJilii
463 2328 690 2370 Martialis
719 2329 789 2383 (ef.
823 2328 1054 2371 Schneider
1083 2329 1308 2382 scriptores
1337 2329 1403 2370 rei
1439 2329 1624 2370 rusticae
1653 2332 1692 2378 4,
1714 2331 1752 2378 1,
1774 2326 1884 2380 168).
1944 2326 2060 2370 Vixit

339 2396 564 2438 Martialis
584 2411 691 2440 saec.
716 2412 762 2451 1).
792 2396 892 2439 Chr.
916 2398 1052 2447 tertio,
1084 2411 1177 2438 curn
1207 2397 1445 2443 laudaverit
1470 2396 1693 2447 Galenuni,
1725 2397 1814 2451 ipse
1842 2395 2058 2438 adhibitus

336 2466 391 2506 sit
431 2479 459 2506 a
493 2464 705 2508 Palladio.
749 2490 799 2493 —
848 2463 1069 2519 Gargilius
1112 2464 1324 2506 Martialis
1365 2465 1548 2520 scriptor
1588 2464 1791 2507 historiae
1830 2463 2057 2518 Augustae

336 2534 406 2576 vit.
429 2533 565 2575 Probi
582 2537 625 2583 2,
649 2532 870 2587 Gargilius
892 2534 1076 2589 scriptor
1097 2534 1300 2589 temporis
1323 2534 1473 2576 Severi
1493 2532 1733 2575 Alexandri
1754 2533 1825 2576 vit.
1846 2532 1971 2576 Alex.
1986 2535 2054 2582 37,

333 2601 496 2643 videtur
525 2601 634 2643 idem
665 2614 761 2645 esse.
816 2601 903 2643 Nec
935 2601 1121 2643 diversus
1150 2602 1332 2655 fortasse
1361 2602 1399 2644 is
1428 2602 1502 2655 qui
1528 2602 1727 2655 sequitur.

250 2670 305 2711 45
335 2669 389 2722 Q.
421 2668 642 2723 Gargilius
672 2669 905 2724 Martialis,
945 2669 998 2722 Q.
1031 2669 1216 2724 Gargilii
1246 2669 1459 2712 Martialis
1489 2676 1531 2712 et
1559 2669 1696 2712 Iuliae
1726 2670 1897 2712 Primae
1926 2669 2054 2724 filius,

253 2789 256 2792 .
336 2752 466 2792 eques
489 2738 718 2791 Romanus,
749 2737 926 2780 militiae
956 2738 1115 2794 petitor
1136 2741 1163 2782 t.
1177 2752 1314 2793 prope
1334 2738 1519 2781 Aueiain
1540 2738 1845 2780 Mauretaniae
1863 2741 2056 2793 repertus

334 2805 446 2860 Eph.
469 2820 530 2859 ep.
551 2808 589 2855 5,
612 2809 744 2857 1300,·
769 2820 899 2862 eques
921 2807 1152 2861 Romanus,
1177 2806 1351 2848 decurio
1372 2806 1538 2849 Auziae
1568 2813 1610 2849 et
1628 2807 1887 2861 Rusguniis3
1917 2806 2053 2863 praef.

335 2873 521 2915 cohortis
554 2874 717 2929 primae
737 2873 947 2916 Asturum
978 2876 1022 2916 in
1042 2875 1281 2929 Britannia,
1314 2874 1515 2917 tribunus
1545 2875 1731 2917 cohortis
1760 2875 2054 2932 Hispanorum

333 2943 378 2984 in
397 2942 692 2996 Mauretania3
724 2942 778 2997 [a]
799 2942 1023 2997 mil(itiis);
1054 2944 1325 2999 praepositus
1349 2943 1514 2985 cohorti
1538 2942 1820 2998 singularium
1849 2950 1892 2985 et
1916 2943 2051 2986 vexil-

333 3010 481 3052 lationi
522 3011 714 3066 equitum
753 3011 1005 3053 Maurorum
1041 3013 1101 3053 ‘in
1141 3012 1354 3054 territorio
1393 3011 1599 3054 Auziensi
1637 3011 2051 3067 praetendentium‘3

333 3080 423 3120 eius
444 3079 604 3120 virtute
625 3093 675 3120 ac
694 3078 920 3133 vigilantia
939 3080 1140 3122 Faraxen
1170 3079 1341 3122 rebellis
1371 3094 1467 3122 cum
1498 3079 1753 3123 satellitibus
1782 3081 1872 3122 suis
1900 3086 2051 3136 captus
2093 3114 2101 3127 .

333 3153 376 3188 et
413 3146 685 3201 interfectus3
726 3148 854 3202 periit
891 3147 1073 3190 ‘insidiis
1102 3148 1322 3190 Bavarum
1351 3148 1571 3204 deceptus'
1605 3163 1642 3191 a.
1674 3149 1758 3192 260
1787 3147 1874 3191 vell
1904 3148 2050 3205 paullo

331 3221 452 3269 ante3
485 3216 523 3256 ei
543 3214 765 3257 dedicatus
787 3214 934 3258 titulus
955 3216 1012 3259 ab
1034 3216 1185 3258 ordine
1215 3216 1407 3259 coloniae
1426 3215 1655 3259 Auziensis
1677 3216 1718 3261 d.
1740 3218 1796 3260 26
1815 3217 1944 3262 Mart.
1965 3218 2050 3260 260

331 3286 359 3326 t.
391 3282 613 3326 Aueiensis
644 3282 766 3325 VIII
787 3287 907 3327 9047.
967 3284 1172 3327 Fortasse
1210 3284 1316 3327 idem
1355 3285 1429 3338 qui
1457 3285 1699 3339 praecedit,
1741 3286 1801 3339 cf.
1828 3284 2049 3331 Cichorius

332 3352 551 3405 Leismiyer
580 3351 757 3394 Studien
785 3365 861 3394 eur
892 3352 1012 3396 class.
1044 3352 1280 3409 Philoloyie
1298 3356 1365 3407 10,
1397 3356 1508 3398 1887
1527 3368 1574 3411 p.
1594 3357 1677 3397 319
1695 3367 1776 3411 seq.
