2202 3724
143 284 416 322 MAECENAS
835 281 839 284 ⁴
1001 281 1083 324 317
1682 290 1956 327 MAECENAS

230 413 388 459 Dionis
421 429 508 459 esse
537 414 694 459 dudum
722 414 976 460 intellectum
1005 415 1098 469 est,
1129 415 1172 460 e't
1199 417 1253 460 de
1283 419 1444 476 nuptiis
1474 417 1588 461 filiae
1617 418 1706 462 Dio
1732 423 1799 471 54,
1831 424 1869 463 6.
1900 446 1957 451 ——

233 483 438 528 Publicos
467 485 651 527 honores
683 485 822 528 nullos
852 487 1085 543 capessivit
1119 487 1219 530 Tac.
1251 501 1292 529 a.
1321 491 1362 537 3,
1389 490 1456 537 30,
1489 489 1661 542 angusti
1695 488 1806 531 clavi
1840 489 1954 545 [fine]

230 559 458 595 contentus
489 553 628 596 Vellei.
658 557 702 604 2,
731 556 810 605 88,·
850 555 1008 596 mansit
1048 569 1179 611 eques
1217 554 1438 598 Romanus
1466 554 1556 598 Dio
1585 558 1650 606 55,
1683 560 1712 598 7
1738 558 1794 611 cf.
1817 561 1885 608 51,
1914 562 1954 609 3,

229 621 385 664 Horat.
417 635 546 666 carm.
578 625 616 672 1,
647 625 718 673 20,
748 625 789 665 5.
817 626 857 673 3,
889 626 954 674 16,
986 626 1066 673 20,
1107 622 1303 678 Propert.
1333 627 1372 674 4,
1405 627 1444 674 9,
1475 627 1513 665 1.
1543 627 1602 667 23
1624 637 1720 679 seq„
1754 625 1955 669 Martial.

230 691 270 740 8,
290 692 358 740 56,
381 693 420 733 9.
450 693 515 740 10,
540 693 603 741 73,
625 694 665 733 4.
697 694 768 741 12,
788 694 828 741 4,
850 694 894 734 2.

314 758 440 801 Uxor
469 759 674 801 Terentia
704 759 866 802 Seneca
895 759 998 802 dial.
1030 763 1068 810 1,
1089 762 1129 811 3,
1152 764 1215 810 11,
1248 760 1364 802 Suet.
1394 760 1508 815 Auq.
1534 763 1598 810 66,
1630 760 1720 804 Dio
1738 764 1805 813 54,
1824 765 1864 805 3.
1885 766 1953 813 19,

230 825 331 881 Diy.
361 830 431 878 24,
462 831 499 877 1,
530 830 583 870 64
623 827 848 881 (Terentia
886 828 1129 870 concubina
1167 828 1433 871 Maecenatis
1462 828 1579 871 Acro
1610 829 1669 871 ad
1696 830 1805 874 Hor.
1836 831 1952 886 epod.

226 897 266 944 3,
297 898 376 946 21,
417 895 558 950 male).
627 895 698 937 Ab
741 910 792 938 ea
834 896 1068 938 ‘cotidiana
1111 896 1307 952 repudia’
1351 896 1599 953 patiebatur
1644 898 1806 940 Seneca
1850 898 1954 942 dial.

227 966 267 1013 1,
288 966 328 1013 3,
349 967 427 1013 10,·
469 970 667 1008 ‘uxorem
697 963 866 1005 miliens
896 963 1044 1016 duxit,
1081 978 1180 1006 cum
1210 979 1341 1006 unam
1372 964 1588 1007 habuerit’
1622 965 1680 1007 id.
1712 980 1774 1021 εΡ.
1805 970 1898 1018 114,
1929 971 1956 1010 6

227 1031 468 1083 (divortium
503 1031 724 1074 Terentiae
753 1034 794 1074 et
824 1031 1112 1082 Maecenatis,
1145 1035 1185 1074 et
1211 1032 1373 1074 reditus
1400 1033 1549 1075 uxoris
1579 1033 1637 1075 ad
1664 1048 1773 1085 cum,
1804 1050 1954 1078 memo-

225 1102 350 1141 ratur
375 1100 504 1142 etiam
522 1099 624 1154 Diy.
645 1102 716 1150 24,
738 1104 776 1150 1,
796 1099 881 1153 64).
926 1100 980 1142 Ei
1011 1107 1225 1142 secretum
1245 1100 1299 1142 de
1330 1107 1551 1158 comperta
1570 1101 1779 1144 Murenae
1808 1104 1954 1146 fratris

227 1169 320 1210 eius
365 1166 472 1222 (Dio
505 1171 580 1218 54,
610 1167 654 1221 3)
694 1168 992 1209 coniuratione
1031 1167 1088 1220 (a.
1119 1168 1220 1220 731)
1260 1168 1472 1224 prodidit,
1519 1169 1636 1227 quod
1681 1184 1810 1226 aegre
1857 1172 1955 1215 tulit

227 1235 451 1290 Augustus
481 1235 596 1279 Suet.
617 1235 731 1290 Auy.
752 1238 817 1279 66.
870 1236 1009 1290 (Inter
1037 1235 1408 1290 amicosAugusti
1439 1238 1699 1293 praecipuus
1721 1238 1952 1282 Maecenas

227 1303 282 1346 ob
320 1305 657 1347 taciturnitatem
706 1304 848 1347 Victor
887 1305 984 1359 epit.
1023 1308 1071 1355 1,
1108 1307 1185 1355 18,
1231 1304 1342 1346 male
1385 1305 1627 1360 intelleyens
1672 1306 1951 1362 Suetonium).

175 1371 177 1373 ’
226 1371 440 1415 Rumores
479 1372 534 1415 de
573 1373 887 1415 consuetudine
925 1372 1114 1428 Augusti
1152 1379 1194 1415 et
1229 1373 1460 1415 Terentiae
1488 1373 1577 1416 Dio
1606 1377 1672 1425 54,
1702 1378 1767 1418 19.
1828 1377 1953 1420 Uxor

226 1456 376 1497 causa,
427 1441 544 1498 quod
588 1441 813 1496 Augustus
859 1448 902 1484 et
946 1442 1175 1484 Maecenas
1221 1441 1489 1498 aliquamdiu
1531 1442 1763 1486 abalienati
1810 1454 1953 1488 essent

223 1509 312 1552 Dio
340 1510 416 1561 54,
447 1514 514 1554 19.
544 1512 609 1561 55,
643 1514 680 1553 7.
715 1537 765 1541 -
797 1509 955 1553 Aetate
984 1517 1192 1567 provecta
1224 1511 1270 1552 in
1300 1511 1491 1553 amicitia
1520 1513 1730 1568 principis
1765 1516 1951 1570 speciem

223 1579 362 1634 magis
392 1594 523 1636 quam
552 1580 642 1620 vim
674 1578 847 1622 tenebat
881 1579 978 1622 Tac.
1002 1593 1042 1622 a.
1062 1582 1102 1630 3,
1122 1582 1189 1622 30.
1238 1578 1460 1634 Augustus
1491 1579 1540 1622 O.
1572 1580 1811 1624 Maecenati
1845 1583 1952 1642 urbe

224 1647 269 1688 in
309 1648 403 1704 ipsa
441 1647 561 1690 velut
599 1650 879 1704 peregrinum
918 1649 1054 1690 otium
1083 1648 1295 1690 concessit
1329 1648 1428 1690 Tac.
1460 1663 1500 1690 a.
1532 1653 1596 1699 14,
1626 1652 1693 1692 53.
1752 1651 1953 1695 Decessit

225 1731 339 1758 anno
378 1732 420 1759 u.
451 1731 486 1761 c.
520 1717 604 1759 746
643 1715 732 1759 Dio
761 1719 828 1766 55,
858 1720 897 1767 7,
937 1731 1023 1759 non
1063 1715 1200 1758 multo
1239 1723 1338 1773 post
1374 1717 1605 1759 Horatium
1645 1719 1734 1760 vita
1773 1720 1954 1763 Horatii

222 1785 356 1840 (Suet.
380 1799 429 1839 Ρ.
450 1787 506 1827 48
536 1784 598 1827 ed.
629 1783 967 1841 Reifferscheid),
1000 1784 1074 1827 sed
1099 1785 1229 1827 verba
1258 1786 1303 1827 in
1331 1785 1544 1828 codicibus
1574 1787 1760 1838 turbata,
1793 1788 1951 1832 herede

223 1854 418 1896 instituto
462 1853 661 1908 Augusto
707 1853 795 1896 Dio
841 1853 867 1896 l.
914 1867 964 1897 c..
995 1853 1139 1906 (Servi
1182 1856 1221 1896 et
1265 1854 1450 1896 ancillae
1492 1855 1759 1899 Maecenatis
1798 1862 1951 1912 postea

150 1932 153 1935 ’
221 1922 408 1976 Auqusti
437 1922 501 1964 vel
522 1922 685 1973 Liviae,
717 1922 821 1964 dicti
849 1922 1179 1976 Maecenatiani,
1211 1922 1561 1966 Maecenatianae
1595 1924 1662 1966 VI
1677 1928 1797 1968 4016.
1823 1930 1948 1970 4032.

140 2019 143 2021 -
221 1993 344 2033 4095.
375 1994 526 2034 19926.
557 1990 734 2041 22970).
792 1990 998 2047 Sepultus
1029 1991 1234 2033 extremis
1256 1991 1474 2048 Exquiliis
1500 1993 1572 2034 vit.
1604 1993 1785 2035 Horatii
1813 1994 1948 2049 (Suet.

223 2073 273 2112 Ρ.
291 2061 348 2102 48
374 2058 710 2111 Reifferscheid).
775 2059 1002 2114 Augustus
1042 2060 1339 2102 Maecenatem
1379 2060 1630 2103 defunctum
1671 2062 1951 2105 vehementer

221 2127 484 2170 desideravit
505 2127 666 2171 Seneca
686 2127 736 2170 de
757 2128 890 2182 benef.
912 2131 950 2178 6,
970 2131 1042 2171 32.
1088 2129 1158 2170 De
1185 2129 1375 2171 amicitia
1394 2128 1582 2184 Augusti
1614 2138 1656 2172 et
1684 2131 1950 2174 Maecenatis

223 2195 277 2249 cf.
303 2199 534 2250 practerea
561 2196 782 2241 Plutarch.
816 2197 1103 2252 apophtheym.
1127 2211 1176 2251 Ρ.
1197 2200 1286 2240 207
1306 2197 1367 2248 O„
1401 2198 1467 2240 Μ.
1488 2198 1692 2244 Antonin.
1726 2201 1781 2247 εἰς
1810 2202 1948 2243 ἑαυτὸν

220 2266 261 2314 8,
281 2267 346 2314 31,
378 2264 466 2307 Dio
485 2268 551 2315 56,
572 2267 640 2307 38.

309 2333 524 2376 Valetudo
561 2335 653 2376 eius
684 2333 804 2378 Plin.
836 2334 876 2376 h.
906 2348 947 2376 n.
981 2338 1019 2385 7,
1049 2337 1136 2377 172
1175 2335 1376 2388 (triennio
1419 2350 1618 2392 supremo
1660 2336 1777 2379 nullo
1818 2337 1948 2380 horae

221 2408 437 2443 momento
466 2401 671 2447 dormivit
700 2402 819 2446 Plin.
852 2402 879 2445 l.
909 2415 967 2454 c.,·
1001 2402 1056 2456 cf.
1089 2402 1251 2445 Seneca
1278 2402 1379 2444 dial.
1411 2407 1449 2453 1,
1480 2407 1519 2454 3,
1547 2405 1632 2458 10).
1666 2429 1717 2434 —-
1749 2405 1949 2448 Luxuria

223 2470 314 2512 eius
340 2477 383 2511 et
411 2485 552 2512 mores
573 2470 766 2513 dissoluti
791 2470 924 2526 cleqia
944 2471 1074 2525 prior
1094 2472 1140 2512 in
1162 2470 1454 2514 Maecenatem
1473 2485 1510 2514 v.
1530 2475 1589 2515 21
1607 2486 1688 2527 seq.
1712 2471 1949 2526 (Baehrens

221 2541 335 2592 poet.
364 2539 463 2580 Lat.
493 2540 594 2583 min.
618 2540 652 2581 I
665 2554 714 2593 Ρ.
735 2538 861 2593 127);
904 2539 1006 2583 Vell.
1027 2543 1070 2590 2,
1093 2542 1172 2591 88,·
1202 2539 1365 2582 Seneca
1394 2555 1456 2594 ep.
1486 2544 1578 2591 114,
1600 2544 1627 2584 4
1645 2555 1726 2596 seq.
1760 2546 1857 2593 120,
1879 2546 1947 2586 19.

223 2606 326 2648 dial.
358 2612 394 2658 1,
425 2611 465 2657 3,
500 2612 552 2651 10
562 2621 575 2660 ,·
607 2608 661 2662 cf.
694 2607 921 2650 Plutarch.
953 2608 1139 2665 ἐρωτικός
1161 2622 1209 2662 Ρ.
1242 2611 1320 2651 760
1337 2608 1381 2650 A
1391 2622 1405 2660 ,·
1433 2608 1522 2652 Dio
1549 2613 1616 2660 54,
1636 2613 1690 2653 30
1699 2624 1713 2662 ,·
1744 2611 1946 2653 Martial.

221 2678 287 2725 10,
311 2678 379 2726 73,
400 2679 451 2727 4‚·
475 2676 666 2721 Juvenal.
688 2679 756 2727 12,
777 2680 843 2720 39.
884 2676 1051 2731 (Pullos
1072 2678 1289 2719 asinarum
1310 2677 1476 2734 epulari
1498 2679 1685 2722 instituit
1704 2679 1822 2722 Plin.
1843 2680 1883 2723 h.
1904 2695 1946 2723 n.

221 2745 261 2792 8,
293 2744 408 2798 170).
462 2744 692 2801 Bathyllus
730 2746 1018 2801 pantomimus
1057 2745 1238 2788 deliciae
1268 2747 1359 2788 eius
1395 2746 1493 2791 Tac.
1525 2761 1566 2790 a.
1596 2751 1633 2798 1,
1664 2750 1718 2790 54
1750 2748 1947 2802 (libertus

222 2812 314 2853 eius
350 2811 477 2856 schol.
520 2812 579 2854 ad
616 2812 735 2855 Pers.
764 2816 845 2857 sat.
876 2817 914 2863 5,
947 2816 1054 2865 123,·
1092 2814 1148 2868 cf.
1178 2814 1339 2857 Seneca
1378 2818 1561 2858 controv.
1591 2820 1645 2858 10
1667 2831 1740 2870 pr.
1771 2819 1822 2868 8,·
1858 2816 1947 2859 Dio

220 2882 286 2934 54,
308 2879 392 2933 17).
414 2905 471 2911 —
494 2881 677 2923 ‘Habuit
707 2882 930 2936 ingenium
958 2882 1124 2937 grande
1154 2888 1197 2925 et
1222 2882 1361 2937 virile,
1391 2884 1473 2925 nisi
1504 2883 1613 2926 illud
1645 2885 1832 2927 secunda
1864 2885 1945 2927 dis·

223 2949 475 2991 cinxissent’
511 2949 672 2992 Seneca
702 2964 764 3004 ep.
796 2954 866 3000 92,
894 2953 947 2993 35
978 2951 1033 3004 cf.
1063 2954 1129 3002 19,
1152 2954 1190 2994 9.
1226 2977 1276 2982 —
1313 2950 1463 2994 Genus
1493 2952 1665 2995 dicendi
1697 2954 1789 2995 eius
1819 2953 1947 2995 molle

221 3022 264 3057 et
292 3015 568 3059 artificiosum
591 3017 753 3060 Seneca
778 3032 840 3072 ep.
863 3022 953 3068 114,
974 3022 1001 3061 5
1020 3032 1116 3072 seq„
1146 3019 1322 3072 Quintil.
1345 3023 1384 3070 9,
1405 3024 1444 3071 4,
1465 3024 1526 3064 28
1555 3021 1807 3075 (calamistri
1830 3022 1945 3064 Mae-

222 3085 384 3126 cenatis
410 3084 508 3127 Tac.
531 3084 633 3128 dial.
654 3087 743 3140 26),
775 3086 831 3128 ab
855 3087 1053 3142 Augusto
1076 3089 1341 3142 exagitatum
1363 3096 1405 3130 et
1426 3090 1598 3131 irrisum
1616 3090 1730 3134 Suet.
1747 3090 1859 3144 Auy.
1876 3092 1943 3140 86,

222 3151 420 3195 Macrob.
451 3156 532 3195 sat.
554 3157 597 3203 2,
619 3157 659 3204 4,
682 3157 751 3197 12.
811 3154 983 3212 Scripta
1014 3156 1106 3198 eius
1142 3157 1330 3198 citantur
1361 3157 1522 3199 Seneca
1549 3173 1611 3212 ep.
1643 3161 1708 3208 19,
1741 3161 1767 3200 9
1798 3157 1945 3211 (‘liber

222 3222 297 3276 qui
328 3220 611 3263 Prometheus
641 3222 928 3277 inscribitur‘)
959 3227 1050 3278 114,
1081 3227 1108 3267 5
1139 3224 1231 3278 (‘de
1262 3224 1380 3267 cultu
1411 3227 1525 3278 suo')
1557 3229 1628 3275 92,
1658 3229 1722 3268 35.
1756 3230 1848 3276 101,
1877 3230 1943 3267 10.

223 3287 272 3330 de
303 3288 436 3342 benef.
463 3292 502 3339 4,
532 3291 600 3340 36,
625 3292 681 3341 2;
710 3289 828 3332 Plin.
859 3290 900 3333 h.
930 3305 972 3333 n.
1005 3295 1042 3342 7,
1066 3295 1146 3334 148
1177 3291 1409 3348 (‘Agrippa
1441 3307 1490 3334 ac
1520 3293 1786 3347 Maecenas’)
1816 3297 1855 3343 9,
1887 3296 1945 3336 25

221 3356 277 3410 cf.
304 3361 336 3407 1,
360 3360 400 3399 9.
419 3359 492 3400 32.
515 3360 570 3399 37
600 3360 640 3399 ct
669 3358 788 3409 alibi,
821 3360 876 3413 cf.
904 3358 1065 3411 Teuffel
1093 3359 1189 3402 hist.
1221 3360 1300 3402 litt.
1325 3361 1343 3386 ⁵
1363 3364 1466 3410 220,
1487 3363 1527 3402 8.
