2202 3724
169 260 381 298 LOLLIVS
1030 257 1112 301 295
1764 268 1980 304 LOLLIVS

169 393 253 435 226
281 398 334 436 Μ.
370 398 580 435 LOLLIVS
613 392 835 447 (Manilius
859 393 1032 437 Solinus
1055 398 1122 445 53,
1153 398 1212 438 29
1243 397 1403 450 errore)
1435 396 1494 440 M.
1527 397 1556 441 f.
1588 401 1616 439 t.
1649 398 1702 440 ab
1734 412 1780 440 eo
1809 399 1854 440 in
1884 412 1978 441 cori-

254 460 398 503 sulatu
419 462 589 515 positus
620 461 688 504 VI
698 464 817 504 1305.
867 461 920 504 Α.
946 463 1027 506 729
1050 462 1264 506 Galatiam
1293 465 1336 506 in
1368 466 1618 521 provinciae
1640 472 1800 509 statum
1822 466 1980 522 redigit

252 528 465 572 Eusebius
499 529 641 572 chron.
674 531 750 572 sub
787 545 827 572 α.
863 530 972 573 Abr.
1003 535 1112 574 1993
1152 533 1272 587 (vers.
1303 532 1491 584 Arinen„
1524 534 1820 590 Hieronymus,
1854 535 1979 590 Syrie.

248 612 297 652 p.
308 600 404 648 592,
422 600 492 654 18)
515 599 569 652 ef.
586 597 674 641 Dio
690 601 755 649 53,
773 602 854 650 26;
883 600 1048 655 primus
1071 600 1287 645 Galatiam
1319 616 1396 658 pro
1431 609 1630 658 praetore
1659 603 1982 646 administravit

251 666 431 721 Eutrop.
456 670 492 717 7,
514 670 580 711 10.
612 667 758 721 Rufus
788 668 897 710 brev.
915 672 978 710 11.
1031 668 1193 712 Consul
1215 685 1253 712 a.
1272 670 1365 724 733,
1394 671 1583 727 primum
1605 670 1721 714 solus
1742 671 1830 714 Dio
1850 675 1916 723 54,
1939 676 1977 723 6,

251 749 354 777 mox
383 749 479 777 cum
505 735 560 788 Q.
585 734 770 778 Aemilio
799 736 965 792 Lepido
985 737 1103 791 fasti.
1139 737 1470 791 Quindecimvir
1491 740 1623 781 sacris
1645 739 1861 782 faciundis
1882 743 1981 783 aeta

252 802 336 846 lud.
367 816 474 848 saec.
498 804 604 846 armi
624 807 704 847 737
727 804 834 859 (eph.
857 819 918 859 ep.
934 807 963 847 8
979 809 1154 862 Ρ.241).
1199 807 1284 848 Res
1304 807 1418 861 gerit
1437 808 1482 848 in
1503 806 1692 849 Thracia
1712 807 1801 850 Dio
1819 811 1885 859 54,
1906 811 1978 853 20.

249 870 302 915 A.
327 871 408 914 738
433 870 601 926 legatus
626 873 670 914 in
697 873 934 916 Germania
963 872 1127 916 cladem
1158 875 1337 931 accipit,
1367 874 1549 930 legionis
1580 876 1756 932 quintae
1787 876 1979 933 aquilam

250 940 409 982 amittit
438 939 539 982 Vell.
560 943 603 990 2,
626 943 692 990 97,
729 940 965 994 obsequens
996 955 1029 985 e.
1059 945 1122 992 71,
1153 941 1243 985 Dio
1263 946 1329 993 54,
1352 947 1411 986 20
1440 944 1495 997 ef.
1523 944 1621 986 Tae.
1645 958 1683 985 a.
1706 948 1744 995 1,
1765 948 1829 995 10,
1862 945 1977 990 Suet.

248 1006 360 1062 Auy.
381 1011 440 1051 23
460 1008 719 1062 (Germanos
740 1009 785 1050 in
816 1023 936 1051 arma
965 1023 1112 1052 versos
1139 1017 1316 1067 superat
1334 1012 1492 1054 Euseb.
1516 1012 1656 1054 chron.
1678 1026 1783 1055 vers.
1803 1013 1977 1056 Armen.

248 1089 281 1118 s.
304 1090 344 1118 a.
365 1079 486 1127 1998,
518 1076 694 1119 Hieron.
717 1091 756 1121 a.
773 1076 881 1121 Abr.
902 1080 1031 1128 2000,
1064 1078 1189 1133 Syrie.
1211 1081 1305 1130 594,
1328 1079 1387 1133 2).
1440 1079 1489 1123 C.
1513 1079 1710 1123 Caesaris
1732 1082 1776 1123 in
1799 1081 1978 1124 Oriente

249 1158 391 1186 comes
421 1151 464 1186 et
488 1151 640 1199 rector,
679 1144 804 1187 datus
837 1145 892 1188 ab
922 1145 1122 1200 Augusto
1151 1146 1252 1189 Vell.
1274 1151 1317 1198 2,
1339 1151 1436 1202 102,
1472 1147 1587 1192 Suet.
1616 1148 1707 1190 Tib.
1730 1152 1800 1191 12.
1848 1150 1979 1192 Hunc

248 1213 426 1267 instigat
444 1214 489 1255 in
509 1212 731 1255 Tiberium
752 1213 894 1256 Rhodi
915 1214 1140 1269 degentem
1164 1215 1280 1258 Suet.
1303 1215 1329 1257 l.
1352 1229 1399 1266 6.,
1428 1216 1527 1258 Tae.
1550 1230 1590 1258 a.
1610 1219 1648 1266 3,
1671 1219 1737 1260 48.
1778 1217 1979 1260 Avaritia

246 1287 290 1324 et
314 1280 453 1323 malae
478 1287 591 1324 artes
623 1283 714 1324 eius
741 1281 840 1324 Vell.
869 1286 912 1333 2,
936 1286 993 1325 97
1000 1296 1013 1334 ,·
1044 1283 1157 1325 dona
1187 1285 1345 1340 accipit
1373 1299 1400 1326 a
1429 1283 1605 1339 regibus
1636 1283 1826 1327 Orientis
1856 1285 1976 1328 Plin.

244 1348 286 1391 h.
307 1363 349 1391 rt.
371 1352 410 1400 9,
432 1353 513 1392 117
542 1349 656 1402 (inde
687 1349 860 1393 Solinus
882 1353 949 1402 53,
977 1351 1052 1405 29)
1064 1365 1077 1402 ,·
1116 1351 1282 1408 perfida
1322 1352 1502 1394 consilia
1537 1353 1628 1395 eius
1659 1367 1736 1409 per
1765 1353 1977 1396 Parthum

244 1417 435 1460 indicata
465 1417 641 1461 Caesari
672 1418 771 1463 Vell.
792 1422 835 1469 2,
857 1422 956 1463 102.
999 1420 1140 1462 Iratus
1169 1419 1215 1463 C.
1239 1419 1400 1463 Caesar
1431 1422 1663 1463 amicitiam
1690 1422 1727 1463 ei
1758 1424 1978 1465 renuntiat

244 1485 361 1530 Plin.
395 1486 421 1528 l.
454 1500 487 1528 e.
519 1487 574 1540 ef.
608 1486 724 1531 Suet.
762 1487 854 1529 Tib.
883 1490 959 1539 13,·
999 1489 1069 1530 cui
1101 1489 1364 1544 ignominiae
1402 1503 1565 1546 paucos
1597 1489 1688 1531 dies
1719 1492 1974 1546 supervixit,

245 1554 435 1597 creditus
455 1569 669 1597 venenum
691 1555 852 1598 bibisse
873 1555 974 1598 Vell.
996 1556 1022 1599 l.
1045 1571 1078 1599 e.
1096 1556 1215 1601 Plin.
1234 1557 1261 1599 l.
1279 1571 1312 1600 e.
1328 1582 1386 1587 —
1401 1557 1521 1600 Idem
1539 1557 1704 1600 videtur
1726 1558 1787 1601 M.
1809 1558 1975 1602 Lollius

244 1629 387 1665 statua
424 1623 659 1666 honoratus
699 1638 725 1665 a
768 1630 920 1666 senatu
949 1623 1279 1667 Atheniensium
1308 1625 1463 1668 OIAtt.
1493 1629 1532 1676 3,
1563 1628 1658 1668 584.
1688 1651 1742 1655 —
1771 1626 1844 1669 Ad
1875 1642 1974 1669 eum

243 1691 391 1733 datum
429 1691 601 1734 Horatii
642 1706 813 1734 carmen
843 1695 882 1742 4,
914 1695 954 1735 9.
986 1717 1038 1723 —
1067 1693 1335 1735 Memoratur
1369 1694 1467 1749 eley.
1494 1695 1528 1736 I
1549 1695 1595 1736 in
1630 1694 1823 1737 Maecen.
1854 1710 1890 1739 v.
1922 1700 1975 1738 10

242 1758 417 1812 (Poetae
431 1760 482 1802 L.
504 1760 606 1802 miri.
624 1759 687 1802 ed.
708 1760 930 1803 Baehrens
949 1762 984 1803 I
989 1776 1039 1815 p.
1057 1765 1173 1818 120).
1189 1786 1246 1792 —-
1267 1762 1446 1805 Dictum
1471 1765 1562 1804 eius
1585 1764 1629 1804 in
1652 1762 1836 1807 Galbam
1858 1765 1973 1818 (con-

242 1828 378 1870 sulem
408 1843 446 1872 a.
470 1828 571 1883 749)
603 1828 801 1871 Maerob.
834 1832 914 1871 sat.
934 1833 978 1881 2,
1000 1833 1037 1880 6,
1058 1833 1098 1874 3.
1143 1830 1349 1873 Fortasse
1381 1832 1434 1874 ab
1465 1831 1542 1873 hoe
1573 1831 1792 1886 appellata
1820 1833 1975 1876 horrea

240 1896 439 1939 Lolliana
458 1897 601 1951 forma
619 1897 740 1940 wrbis
755 1897 919 1940 Romae
939 1898 1043 1953 (tab.
1060 1899 1140 1941 XI
1152 1900 1223 1954 fiy.
1239 1902 1293 1942 51
1314 1900 1375 1942 ed.
1387 1899 1576 1955 Jordan)
1584 1913 1598 1951 ,·
1622 1899 1691 1943 VI
1702 1903 1831 1944 4226.
1850 1904 1972 1945 4239.

154 1967 237 2009 227
268 1973 320 2010 Μ.
352 1972 564 2008 LOLLIVS
593 1966 831 2008 consularis
863 1966 1024 2020 (eorisul
1053 1967 1151 2020 suff.
1186 1983 1225 2010 α.
1258 1969 1371 2025 ina),
1409 1976 1532 2025 pater
1562 1968 1728 2011 Lolliae
1760 1969 1971 2012 Paulinae

241 2033 375 2090 (filius
405 2034 472 2077 M.
502 2034 636 2077 Lollii
665 2035 738 2088 qui
757 2035 998 2091 praeeedit)
1035 2036 1133 2078 Tae.
1165 2051 1203 2078 a.
1226 2039 1296 2086 12,
1320 2040 1357 2079 1.

155 2103 237 2146 228
267 2102 434 2145 Lollius
464 2136 500 2145 ..
519 2118 628 2145 .nus
658 2105 679 2146 ὁ
708 2103 927 2161 κράτισ[τος
967 2103 1190 2161 ἐ]πίτροπος
1229 2104 1314 2159 τ[οὖ
1352 2105 1572 2162 Σεβασ]τοῦ
1604 2108 1630 2148 l.
1656 2105 1888 2148 Aemoniae
1926 2107 1971 2148 iri

241 2171 438 2226 Phryyia
467 2185 568 2226 rep„
600 2171 1067 2227 Lebas-Waddinyton
1096 2176 1216 2215 1677.
1729 2169 1734 2175 ’

155 2240 239 2283 229
268 2239 435 2282 Lollius
465 2240 649 2282 Bassus:
682 2241 773 2282 eius
805 2241 1071 2296 epigramma
1101 2241 1154 2283 de
1184 2248 1322 2283 morte
1345 2242 1592 2286 Germanici
1622 2241 1819 2284 Caesaris
1851 2243 1967 2285 anth.

242 2308 339 2351 Pal.
361 2312 399 2358 7,
421 2311 502 2350 391
511 2322 525 2359 ;
554 2307 640 2350 alia
665 2309 974 2364 epigrammata
1005 2311 1095 2352 eius
1125 2311 1182 2352 ib.
1208 2314 1243 2360 7,
1266 2314 1362 2354 243.
1381 2314 1480 2354 372.
1512 2315 1550 2361 9,
1573 2314 1668 2353 236.
1720 2311 1971 2364 (Praeterea

240 2376 381 2419 Basso
413 2376 631 2431 adscripta
661 2377 982 2431 epiyrammata,
1015 2379 1070 2420 ib.
1096 2382 1135 2429 5,
1158 2382 1255 2421 125.
1287 2383 1326 2430 9,
1347 2382 1446 2423 279.
1468 2381 1569 2423 289.
1602 2383 1668 2430 10,
1699 2383 1794 2430 102,
1830 2379 1969 2422 Basso

242 2445 496 2500 Smyrnaeo,
528 2445 666 2487 neseio
695 2459 752 2487 ari
782 2445 914 2488 eidem
943 2450 1010 2497 11,
1045 2446 1130 2501 72).
1167 2472 1222 2476 ——
1253 2447 1394 2489 Plane
1423 2448 1627 2489 incertum
1656 2462 1758 2490 rium
1787 2448 1970 2490 eiusdem

239 2512 350 2555 Lolli
379 2514 503 2556 Bassi
534 2512 692 2555 ancilla
722 2513 790 2556 VI
812 2517 968 2557 21077.

154 2583 238 2625 230
267 2582 326 2624 Μ.
377 2581 544 2624 Lollius
594 2582 865 2636 Honoratus,
918 2582 1054 2625 frater
1101 2583 1154 2637 Q.
1204 2583 1334 2626 Lollii
1384 2583 1534 2626 Urbici
1588 2583 1796 2640 praefecti
1848 2584 1967 2626 urbis

245 2650 369 2693 VIII
391 2652 511 2693 6705.

152 2720 232 2762 231
266 2725 477 2761 LOLLIVS
506 2725 737 2761 MAXIMVS
769 2720 845 2774 (sie
867 2733 927 2774 ep.
952 2723 989 2769 1,
1012 2724 1055 2770 2,
1079 2724 1118 2770 1,
1149 2721 1225 2763 ubi
1254 2735 1339 2763 non
1368 2724 1477 2763 reete
1499 2721 1692 2763 Maoeimi
1719 2721 1968 2763 vocabulum

240 2801 268 2829 a
288 2787 504 2841 plerisque
523 2786 574 2829 de
595 2791 734 2830 aetate
754 2787 887 2830 Lollii
908 2791 1120 2842 acceptum
1150 2793 1211 2831 est
1219 2802 1232 2840 ,·
1262 2788 1428 2831 Lollius
1449 2803 1510 2843 ep.
1534 2793 1571 2839 1,
1595 2792 1661 2839 18,
1685 2789 1726 2843 1)
1737 2803 1750 2831 .·
1783 2789 1837 2831 ad
1869 2804 1966 2831 eum

238 2855 358 2898 dedit
376 2855 584 2898 Horatius
606 2870 668 2911 ep.
686 2860 723 2907 1,
740 2860 783 2900 2.
805 2860 843 2907 1,
861 2859 914 2898 18
935 2852 1064 2908 (hanc
1085 2871 1125 2900 a.
1142 2858 1239 2900 eire.
1259 2858 1368 2912 734).
1399 2857 1666 2900 Militaverat
1686 2859 1730 2899 in
1752 2858 1966 2913 Hispania

239 2923 320 2966 sub
340 2922 540 2978 Augusto
571 2939 632 2978 ep.
654 2927 694 2976 1,
715 2927 782 2975 18,
802 2927 869 2969 55.
914 2925 1015 2967 ‘Hic
1037 2925 1203 2968 Lollius
1224 2926 1281 2968 ad
1302 2925 1572 2968 consulatum
1593 2927 1792 2982 pervenit
1812 2927 1964 2967 merito

237 2993 411 3034 virtutis
451 2999 494 3034 et
531 2992 742 3035 beneficio
781 2992 995 3035 Caesaris'
1028 2994 1144 3037 Acro
1176 2995 1234 3037 ad
1269 3009 1331 3049 ep.
1362 2999 1399 3045 1,
1432 2997 1486 3036 18
1515 3009 1550 3039 v.
1583 2998 1621 3036 1.
1681 2995 1837 3036 Frater
1872 2994 1962 3035 eius

235 3067 496 3102 memoratur
526 3075 587 3114 ep.
613 3064 653 3111 1,
677 3063 743 3116 18,
776 3064 841 3104 63.
879 3085 926 3089 -
964 3061 1032 3116 Cf.
1067 3063 1194 3105 etiam
1223 3062 1388 3105 Lollius
1420 3063 1598 3106 Scaeva.

152 3127 236 3170 232
267 3127 515 3180 (LOLLIVS)
546 3130 867 3183 PALIK(ANVS)
899 3130 1130 3185 proconsul
1161 3137 1209 3173 ut
1238 3130 1411 3172 videtur
1432 3129 1588 3173 Cretae
1619 3136 1660 3171 et
1691 3128 1961 3185 Cyrenarum

238 3194 317 3237 sub
338 3194 538 3249 Augusto
568 3202 666 3252 post
694 3211 732 3241 a.
757 3197 835 3240 731
869 3199 1030 3239 nummi
1056 3198 1282 3253 Cyrenaici
1309 3199 1506 3252 inseripti
1533 3199 1633 3253 imp.
1657 3197 1769 3251 Aug.
1793 3204 1845 3239 tr.
1871 3204 1960 3253 pot.

238 3263 319 3317 (vel
336 3278 404 3320 po.
426 3263 489 3306 vel
508 3264 582 3320 p.),
612 3267 720 3307 etex
749 3265 888 3308 altera
908 3269 1037 3320 parte
1058 3266 1198 3310 Palik.
1220 3266 1283 3308 vel
1303 3266 1410 3309 Pali.
1443 3281 1506 3322 pr.
1537 3265 1753 3320 (Mionnet
1784 3265 1851 3307 VI
1862 3268 1956 3315 571,

237 3334 327 3381 160,
357 3332 493 3388 suppl.
525 3332 605 3375 IX
630 3336 724 3384 190,
759 3336 823 3384 77,
866 3334 1028 3376 Milller
1066 3349 1179 3377 rium.
1218 3334 1266 3376 (le
1307 3334 1428 3377 l'arle.
1460 3334 1562 3387 Afr.
1594 3333 1627 3375 I
1651 3348 1698 3387 p.
1731 3335 1823 3384 167,
1864 3336 1957 3376 434.
