2190 3724
141 325 376 364 GABINIVS
1002 319 1085 362 105
1781 323 1947 359 GALBA

167 459 197 502 3
226 458 281 512 Q.
318 456 534 501 Gabinius
574 455 798 499 Barbarus
835 457 905 498 vir
943 456 1167 511 egregiusr,
1211 470 1238 498 a
1275 455 1592 497 commentariis
1631 453 1951 510 praefectorum

226 526 462 584 praetoriO,
503 523 750 581 praefectus
785 523 1083 567 vehiculorum
1121 539 1200 580 per
1237 523 1518 578 Flaminiam,
1559 528 1816 580 procurator
1853 536 1950 580 pro-

226 595 397 636 vinciae
414 591 600 647 Siciliae,
623 599 876 649 procurator
894 592 1213 648 hereditatium,
1235 598 1491 649 procurator
1511 592 1642 634 trium
1656 590 1953 646 Augustorum

226 664 271 719 (i.
288 678 321 708 e.
342 663 418 705 sub
439 662 565 717 finem
585 662 755 716 imperii
769 661 930 715 Severo
953 661 1194 718 praefectus
1214 662 1463 718 provinciae
1485 659 1713 703 Sardiniae
1734 662 1762 703 t.
1784 658 1952 702 Galari-

226 735 352 774 tanus
369 731 418 774 X
437 733 556 774 7585.

167 801 197 844 4
225 800 439 844 Gabinius
468 798 687 841 Maximus
719 798 905 854 (Gavius
925 798 1033 842 coni.
1054 812 1135 840 van
1158 798 1207 840 de
1237 798 1423 854 Water)3
1455 798 1494 839 ei
1525 797 1746 853 rescripsit
1767 796 1952 838 Hadria-

225 883 309 911 nus
327 867 430 923 Diy.
452 870 527 918 22,
547 870 588 918 5,
607 869 647 917 3,
667 870 708 908 4.
755 866 1046 921 Maqistratus
1075 866 1231 921 aliquis
1259 866 1323 908 vel
1342 879 1521 920 praeses
1549 866 1809 920 provinciae.

139 962 198 968 —
227 941 545 989 Q.ASCON1VS
575 940 811 976 GABINIVS
841 940 1122 979 MODESTVS.

168 1007 195 1049 5
224 1014 272 1050 A.
294 1009 529 1047 GABINIVS
552 1009 824 1058 SECVNDVS,
855 1002 1007 1045 consul
1037 1003 1243 1046 suffectus
1269 1019 1307 1046 a.
1330 1005 1411 1046 inc.
1434 1003 1523 1045 III
1537 1002 1583 1046 S.
1605 1005 1738 1054 6983,·
1765 1002 1814 1044 Χ
1828 1004 1952 1052 4881,

227 1077 324 1116 ante
344 1086 502 1115 annum
519 1075 569 1114 ut
585 1071 750 1113 videtur
767 1073 822 1113 45
842 1085 890 1125 Ρ.
919 1070 1039 1122 Chr„
1057 1075 1291 1126 propterea
1310 1071 1422 1125 quod
1443 1085 1594 1113 nomen
1623 1071 1713 1113 eius
1733 1070 1955 1124 praecedit

224 1156 375 1185 nomen
410 1141 545 1183 Taum·
563 1139 734 1183 Statil-ii
758 1139 935 1182 Corvini
961 1140 1146 1182 consulis
1175 1155 1215 1182 a.
1236 1143 1290 1182 45
1319 1141 1366 1182 in
1396 1143 1423 1183 t.
1445 1140 1534 1182 III
1558 1139 1604 1183 S.
1627 1141 1748 1181 6983.

169 1213 196 1254 6
226 1219 267 1256 Ρ.
298 1216 534 1252 GABINIVS
566 1215 825 1251 SECVNDVS
856 1209 924 1263 (P.
946 1209 1162 1252 Gabinius
1182 1208 1283 1259 Dio,
1316 1207 1782 1251 Gabinius-Secundus
1805 1207 1954 1261 Suet).

227 1280 406 1324 Chattos
446 1277 716 1334 (ChaucosP)
756 1277 919 1320 devicit
957 1284 1001 1320 et
1039 1277 1229 1334 aquilam
1271 1276 1575 1332 legionariam,
1617 1290 1729 1332 quae
1770 1275 1861 1317 sola
1901 1290 1957 1316 ex

134 1388 138 1391 .
222 1349 427 1392 Varianis
458 1347 808 1402 desiderabatur,
846 1348 1010 1403 recepit
1037 1346 1126 1389 Dio
1156 1350 1223 1396 60,
1253 1348 1282 1388 8
1310 1346 1387 1388 sub
1419 1360 1459 1388 α.
1482 1348 1548 1389 41.
1610 1344 1798 1387 Chaucis
1827 1350 1956 1399 gente

226 1417 487 1461 Germanica
516 1416 697 1459 devictis
727 1415 938 1458 Claudius
960 1415 1142 1459 Chaucii
1173 1429 1412 1470 cognomen
1443 1415 1481 1455 ei
1507 1427 1718 1470 usurpare
1747 1413 1960 1454 concessit

225 1487 343 1532 Suet.
371 1486 439 1531 Ol.
459 1489 530 1530 24.
589 1485 824 1540 Boryhesio
853 1484 992 1528 iudice
1024 1499 1110 1527 non
1141 1484 1328 1527 diversus
1358 1484 1411 1526 ab
1443 1497 1489 1525 eo
1519 1483 1594 1536 qui
1613 1480 1858 1537 praeeedit,
1890 1481 1955 1522 ita

224 1558 274 1597 ut
301 1554 391 1598 Dio
418 1556 467 1598 in
486 1555 766 1610 praenomine
795 1555 1015 1596 erraverit.

168 1624 193 1667 7
224 1630 270 1668 L.
309 1629 440 1666 GABO
480 1629 834 1666 ARVNCVLEIVS
874 1630 918 1666 P.
956 1629 1156 1664 ACILIVS
1198 1627 1445 1675 SEVERVS,
1491 1620 1729 1662 Brixianus
1777 1618 1955 1672 origine,

226 1693 344 1736 tribu
373 1692 528 1748 {Fab.‚
574 1691 691 1735 filius
735 1697 785 1734 ut
826 1691 1002 1734 videtur
1045 1697 1121 1734 aut
1175 1705 1310 1747 nepos
1363 1690 1415 1733 L.
1461 1689 1659 1732 Gabonis
1703 1686 1958 1730 Arunculeii

224 1760 449 1804 Valeriani
487 1762 645 1818 equitis
680 1761 888 1816 Romani,
922 1760 1186 1803 clarissimus
1216 1760 1304 1813 vir,
1341 1757 1551 1800 iuridicus
1580 1757 1770 1811 regionis
1799 1756 1958 1797 Trans-

226 1830 434 1887 padanae,
466 1829 697 1887 proconsul
725 1829 977 1884 designatus
1006 1829 1258 1886 provinciae
1289 1827 1425 1883 Cypri
1457 1830 1485 1871 t.
1516 1826 1758 1868 Bradanus
1794 1824 1959 1867 74332

225 1899 283 1952 ef.
311 1901 432 1942 4333.
1826 1919 1828 1921 >

138 1991 199 1997 -—·
226 1973 449 2010 LICINIVS
479 1973 721 2012 GABOLVS.

139 2060 199 2077 ···:·
228 2036 329 2079 Seia
358 2036 558 2081 Gaetula.

137 2129 198 2135 —
226 2111 484 2147 CORNELIA
511 2110 815 2149 GAETVLICA.

138 2197 198 2204 —
227 2179 306 2218 CN.
338 2179 622 2216 CORNELIVS
652 2179 916 2215 LENTVLVS
947 2178 1274 2217 GAETVLICVS.

138 2267 197 2273 —
227 2248 408 2284 COSSVS
440 2248 724 2285 CORNELIVS
753 2248 1018 2284 LENTVLVS
1049 2247 1378 2286 GAETVLICVS.

138 2335 198 2342 —
226 2317 391 2353 IVLIVS
422 2317 708 2353 GAETVLICV
711 2317 750 2353 S.

139 2403 199 2410 —
228 2385 270 2424 C.
305 2386 471 2422 IVLIVS
501 2386 619 2422 TIRO
651 2385 978 2422 GAETVLICVS.

138 2472 198 2479 —-
224 2455 274 2491 D.
303 2448 510 2504 (rvmvs)
542 2454 753 2491 SILANVS
784 2453 1111 2492 GAETVLICVS.

142 2542 202 2549 -—
229 2517 423 2574 Ulb(ius)
453 2517 662 2562 Gaianus.

67 2583 73 2590 ’
142 2611 203 2618 —
235 2586 554 2631 Gaiobomarus
582 2601 620 2630 v.
653 2587 957 2631 Gaviomarus.

173 2657 200 2699 8
230 2655 368 2699 Gaius
408 2661 560 2698 auctor
599 2656 717 2710 iuris,
758 2655 883 2697 cuius
922 2659 1074 2695 extant
1106 2652 1207 2695 libri
1237 2657 1443 2708 quattuor
1472 2649 1794 2692 institutionum
1824 2662 1961 2705 paene

230 2725 403 2780 integri,
433 2731 477 2767 et
504 2724 642 2782 multa
670 2723 757 2766 alia
785 2724 831 2765 in
860 2723 1054 2778 Digestis
1083 2721 1339 2764 Iustiniani:
1370 2719 1662 2761 institutiones
1693 2717 1868 2760 videtur
1897 2717 1959 2757 in-

233 2793 459 2836 choavisse
497 2793 578 2837 sub
611 2793 834 2836 Antonino
870 2792 950 2835 Pio
984 2791 1084 2834 inst.
1116 2794 1155 2842 1,
1185 2793 1251 2834 53.
1285 2792 1350 2832 74.
1381 2791 1490 2839 102,
1532 2786 1720 2830 absolvit
1758 2792 1857 2842 post
1894 2785 1962 2826 Pii

230 2869 411 2906 mortem
430 2863 489 2906 ib.
508 2865 553 2914 2,
573 2864 669 2906 195.
712 2861 896 2919 Scripsit
924 2861 1053 2903 etiam
1082 2865 1181 2917 post
1199 2872 1362 2901 annum
1383 2857 1466 2900 178
1498 2855 1677 2911 (librum
1698 2853 1962 2910 singularem

232 2931 288 2974 ad
318 2938 494 2974 senatus
524 2930 767 2974 consultum
794 2930 1075 2985 Orfitianum,
1116 2928 1279 2971 factum
1315 2925 1389 2968 illo
1421 2925 1552 2979 anno)
1587 2923 1691 2979 Diy.
1724 2926 1791 2974 38,
1823 2925 1889 2972 17,
1921 2924 1961 2965 9.

230 2999 303 3044 Ea:
326 3000 440 3052 Asia
470 2999 695 3043 oriundum
722 3000 856 3054 fuisse
882 2997 1043 3042 Gaiwm
1073 2997 1249 3040 coniecit
1278 2995 1517 3038 Mommsen
1550 2992 1713 3036 ‘Gaius
1750 2992 1817 3033 ein
1854 2989 1961 3031 Pro-

229 3069 528 3124 vinzialjurise
563 3068 805 3125 (Jahrbuch
825 3067 864 3112 d.
883 3067 1098 3122 yemeinen
1120 3064 1343 3108 deutschen
1363 3062 1520 3105 Rechts
1544 3064 1583 3112 3,
1614 3063 1723 3103 1859
1746 3074 1793 3114 Ρ.
1816 3062 1841 3099 1
1862 3071 1959 3110 seq.5

234 3138 290 3191 cf.
311 3137 514 3180 Zeitsehr.
538 3138 572 3192 f.
590 3136 977 3192 Rechtsqesehiehte
997 3139 1038 3186 9,
1064 3137 1174 3177 1870
1195 3148 1244 3188 Ρ.
1270 3134 1352 3187 95).
1405 3130 1473 3185 Of.
1496 3133 1598 3185 post
1618 3129 1727 3171 alios
1749 3125 1962 3169 Karlowa

233 3205 381 3249 Roem.
410 3205 798 3261 Rechtsyesehiehte
827 3205 862 3247 I
875 3219 922 3259 Ρ.
946 3206 1032 3247 720
1055 3217 1138 3258 seq.

177 3274 205 3317 9
235 3274 459 3330 Galaesus,
491 3274 561 3329 (L.
583 3273 800 3328 Arruntii)
825 3272 998 3317 Camilli
1019 3271 1293 3316 Scriboniani
1322 3269 1350 3312 l.
1382 3268 1470 3311 Dio
1492 3271 1557 3318 60,
1580 3269 1633 3308 16
1663 3264 1786 3316 (Zon.
1809 3266 1874 3311 11,
1903 3261 1960 3314 9).

151 3344 206 3388 10
235 3343 288 3386 A.
311 3342 455 3386 Galba
483 3343 563 3398 (sic
590 3346 662 3394 27,
692 3342 743 3386 L.
766 3341 908 3386 Galba
929 3345 1000 3393 62,
1024 3343 1252 3396 praeterea
1282 3337 1441 3392 Galba)
1474 3337 1600 3378 homo
1631 3334 1761 3376 dicax
1787 3328 1961 3384 Quintil.

234 3413 333 3456 inst.
353 3414 392 3464 6,
412 3414 453 3464 3,
473 3414 546 3457 27.
566 3414 637 3456 62.
657 3414 724 3454 64.
744 3414 810 3456 66.
830 3413 900 3455 80.
922 3414 990 3454 90.
