2202 3724
281 315 455 351 IVSTvs
1141 307 1226 350 254
1831 315 2080 351 IVVEchs

367 443 562 488 Galilaea
583 443 637 484 ad
659 457 803 497 regem
821 442 1062 499 Agrippam
1082 443 1276 498 confugit
1296 444 1352 486 ib.
1370 446 1422 486 70
1445 445 1499 498 cf.
1522 459 1555 488 c.
1573 445 1637 489 65.
1675 444 1786 487 Cum
1806 450 2083 487 accusaretur

367 511 481 567 apud
499 512 814 567 Vespasianum
830 526 855 552 a
870 511 1195 567 Decapolitanis
1213 512 1365 568 Syriae
1387 512 1503 568 quod
1523 513 1643 555 vicos
1664 527 1811 555 eorum
1830 513 2080 568 incenderit,

368 580 438 621 hic
468 579 693 634 Agrippae
733 579 927 634 permisit
965 585 1013 621 ut
1051 580 1095 620 in
1135 594 1233 621 eum
1271 585 1500 634 statueret3
1541 581 1615 636 qui
1647 581 1780 622 vitam
1819 581 1858 622 ei
1890 580 2080 635 indulsit,

364 647 439 690 sed
470 648 515 688 in
544 646 718 688 vincula
748 661 846 688 eum
876 648 1060 689 coniecit
1089 649 1144 690 ib.
1175 651 1239 691 65.
1273 651 1336 698 70,
1376 654 1525 704 postea
1564 663 1662 690 eum
1701 662 1859 703 magna
1898 650 2082 705 pecunia

366 715 543 757 donavit
574 721 615 756 et
634 715 689 757 ab
712 715 905 770 epistulis
926 708 1012 757 'sibi
1034 730 1126 758 esse
1148 715 1296 771 voluit,
1320 723 1511 772 tempore
1532 716 1792 773 procedente
1809 731 1913 759 eum
1933 732 2082 760 rursus

366 784 409 823 in
438 781 623 823 vinculis
656 781 827 836 habuit,
860 789 1073 838 postremo
1106 798 1204 825 eum
1234 783 1444 826 facessere
1475 785 1599 827 iussit
1627 786 1683 827 ib.
1716 787 1780 827 65.
1814 811 1865 817 -—
1899 785 2084 841 Scripsit

365 851 587 892 historiam
624 849 727 892 belli
766 850 935 892 Iudaici
976 866 1101 907 quam
1133 852 1289 906 viginti
1330 852 1454 893 annis
1494 852 1611 908 apud
1652 867 1698 894 se
1737 858 1954 895 servatam
1985 859 2083 910 post

364 924 544 961 mortem
581 918 750 960 demum
781 919 1059 975 Vespasiani,
1103 920 1212 974 Titi,
1244 920 1467 976 Agrippae
1508 920 1642 962 edidit
1681 922 1738 963 ib,
1767 923 1831 971 65,
1873 935 1980 977 opus
2019 922 2081 962 in-

364 989 571 1043 scriptum
608 986 806 1030 Ἰουδαίων
848 987 1040 1044 βασιλέων
1081 992 1158 1030 τῶν
1193 989 1234 1030 ἐν
1273 992 1352 1034 τοῖς
1391 988 1627 1044 στέμμασιν,
1668 988 1900 1031 deductum
1939 995 2082 1031 autem

364 1071 500 1111 usque
530 1055 585 1098 ad
614 1062 795 1097 mortem
827 1056 1049 1112 Agrippae
1081 1059 1135 1110 (a.
1161 1056 1274 1099 100?
1307 1058 1360 1110 of.
1382 1070 1515 1111 supra
1546 1057 1620 1099 sub
1645 1057 1710 1099 M.
1732 1057 1846 1099 Iulio
1865 1056 2081 1111 Ayrimoa)

364 1124 546 1166 Photius
569 1124 666 1166 bibl.
690 1123 776 1166 cod.
798 1127 852 1166 33
872 1124 944 1179 (ef.
965 1124 1092 1179 Dioy.
1114 1125 1258 1167 Laert.
1281 1128 1324 1175 2,
1347 1124 1430 1172 41).
1475 1124 1744 1167 Memoratur
1762 1125 1916 1169 Euseb.
1939 1125 2079 1167 chron.

366 1193 485 1245 (vers.
507 1192 628 1236 Arm.
651 1195 690 1234 et
718 1191 895 1234 Hieron.
917 1206 949 1234 3.
973 1207 1012 1234 a.
1035 1196 1160 1243 2113,
1193 1193 1371 1247 Syncell.
1396 1208 1444 1247 1).
1466 1195 1557 1243 655,
1581 1191 1635 1243 7),
1667 1193 1910 1247 Hieronym.
1933 1193 1982 1235 de
2004 1193 2082 1235 vir.

363 1260 422 1303 ill.
451 1274 483 1303 e.
515 1264 579 1302 14.
631 1258 694 1313 Cf.
712 1260 914 1302 'Mueller
941 1261 998 1314 fr.
1028 1261 1123 1303 hist.
1153 1260 1230 1305 Gr.
1251 1261 1340 1303 III
1354 1276 1400 1315 p.
1423 1263 1520 1304 523.

278 1334 363 1374 582
395 1334 538 1375 Iustus
569 1333 741 1389 Iosephi
771 1334 963 1375 historici
993 1333 1109 1376 filius
1139 1335 1303 1389 Ioseph.
1334 1336 1404 1377 vit.
1427 1338 1465 1378 1.
1495 1338 1558 1378 76.

278 1407 361 1449 583
391 1407 535 1450 Iustus
575 1408 662 1460 (vir
700 1408 857 1450 nobilis
895 1408 965 1466 vel
1007 1416 1122 1451 certe
1163 1409 1327 1463 dives):
1378 1410 1467 1452 eius
1504 1424 1616 1452 uxor
1659 1415 1809 1452 curata
1847 1424 1874 1451 a
1913 1408 2079 1453 Galeno

361 1475 550 1518 Galenus
578 1476 704 1518 XIV
717 1491 764 1530 p.
786 1479 870 1519 626
899 1478 952 1531 cf.
975 1492 1024 1531 p.
1046 1480 1126 1520 631
1146 1491 1226 1532 seq.
1253 1478 1421 1520 Kuehn.

291 1574 348 1578 --
393 1549 445 1602 Q.
469 1549 712 1592 'Arruntius
742 1550 901 1594 Iustus.
1465 1547 1467 1550 ⁵

296 1641 347 1646 —
391 1624 675 1660 AVTRONIVS
707 1625 893 1660 IVSTVS.

395 1685 602 1728 Catonius
631 1687 790 1728 Iustus.
898 1687 900 1690 ’

393 1761 437 1798 L.
469 1761 671 1797 CESTIVS
702 1761 895 1797 GALLVS
927 1762 1194 1798 CERRINIVS
1226 1763 1396 1798 IVSTVS
1428 1756 1703 1811 LV[T]AT1VS
1733 1761 1960 1798 NATALIS.

394 1828 631 1864 GOCCEIVS
664 1823 882 1877 [1]VSTVS.

396 1896 435 1932 C.
470 1897 678 1932 CVRTIVS
710 1897 918 1935 IVSTVS„

393 1965 437 2002 L.
468 1964 644 2001 FABIVS
676 1965 862 2002 IVSTVS.

394 2027 459 2071 Ti.
492 2026 659 2082 [I]ulius
692 2027 880 2082 [mustus.

394 2094 598 2137 Minicius
628 2095 787 2137 Iustus.

395 2163 498 2217 C.(‘?)
529 2169 716 2205 Momvs
748 2170 934 2206 IVSTVS.

394 2230 452 2273 M.
484 2231 714 2273 Nummius
743 2233 901 2274 Iustus.

394 2299 593 2355 Papirius
624 2300 781 2342 Iustus.

395 2373 434 2410 C.
467 2374 776 2410 PESCENNIVS
808 2374 965 2410 NIGER
995 2376 1181 2414 IVSTVS.

395 2441 470 2478 CN.
499 2442 779 2478 PETRONIVS
810 2443 1066 2479 PROBATVS
1098 2444 1274 2480 IVNIOR
1304 2446 1490 2482 IVSTVS.

394 2502 442 2545 C.
475 2503 656 2545 Pinnius
686 2505 843 2546 Iustus.

393 2578 651 2614 PVBLILIVS
683 2579 870 2615 IVSTVS.

396 2671 405 2680 .
425 2671 434 2680 .
453 2671 463 2681 .
496 2646 704 2682 SILANVS
737 2673 860 2683 .....
892 2647 1063 2683 IVSTVS
1094 2648 1164 2683 AN
1182 2674 1305 2684 .....

292 2730 349 2734 ——
394 2706 563 2748 Tullius
593 2708 751 2751 Iustus.

281 2786 364 2827 584
393 2786 584 2838 Iuvatus‚
616 2789 778 2829 amicus
809 2787 1021 2830 Martialis
1053 2788 1253 2830 Martial.
1275 2792 1343 2840 12,
1367 2794 1436 2840 24,
1458 2794 1497 2832 4.

280 2865 361 2907 585
383 2865 630 2930 Iuvenalis,
667 2880 701 2910 ‚e
746 2865 1006 2922 primoribus
1046 2866 1342 2922 Tungrorum,
1388 2875 1559 2923 gentem
1605 2884 1726 2911 suam
1770 2869 1899 2913 Civili
1946 2871 2079 2914 tradit

369 2933 467 2976 Tac.
497 2933 538 2976 h.
568 2937 607 2984 4,
632 2937 697 2976 66.

296 3031 349 3037 -
393 3014 437 3050 L.
470 3013 668 3050 CASSIVS
697 3014 982 3052 IVVENALIS.

297 3101 347 3104 —
394 3075 570 3118 Flavius
600 3075 831 3118 Iuvenalis.

293 3167 350 3172 --
396 3149 436 3187 O.
469 3149 634 3185 IVLIVS
665 3149 949 3188 IVVENALIS.

293 3236 349 3240 —
392 3211 449 3253 D.
480 3211 629 3253 Iunius
660 3211 893 3256 Iuvenalis,

281 3292 364 3333 586
396 3291 613 3333 Iuvencus
658 3290 900 3346 praefectus
939 3291 1129 3348 Aegypti
1171 3309 1282 3336 anno
1328 3294 1646 3352 decimoquarto
1687 3295 1873 3338 Gallieni
1910 3296 2077 3354 (266s7)

362 3372 557 3414 papyrus
585 3359 771 3402 Raineri
797 3363 911 3403 2026
940 3362 1275 3412 (communicavit
1305 3362 1516 3420 Wssely)2

293 1778 351 2666 ΙΙΙΙΙΙΙΙΙΙΙΙΙΙ
