<?xml version="1.0" encoding="UTF-8"?>
<!DOCTYPE html PUBLIC "-//W3C//DTD XHTML 1.0 Transitional//EN"
    "http://www.w3.org/TR/xhtml1/DTD/xhtml1-transitional.dtd">
<html xmlns="http://www.w3.org/1999/xhtml" xml:lang="en" lang="en">
 <head>
  <title>
</title>
<meta http-equiv="Content-Type" content="text/html;charset=utf-8" />
  <meta name='ocr-system' content='tesseract 3.04.00' />
  <meta name='ocr-capabilities' content='ocr_page ocr_carea ocr_par ocr_line ocrx_word'/>
</head>
<body>
  <div class='ocr_page' id='page_1' title='image "./prosopographiaim02akaduoft_0446.png"; bbox 0 0 2202 3724; ppageno 0'>
   <div class='ocr_carea' id='block_1_1' title="bbox 250 299 2051 343">
    <p class='ocr_par' dir='ltr' id='par_1_1' title="bbox 250 299 2051 343">
     <span class='ocr_line' id='line_1_1' title="bbox 250 299 2051 343; baseline 0.002 -3"><span class='ocrx_word' id='word_1_1' title='bbox 250 300 520 341; x_wconf 88' lang='lat' dir='ltr'>OPIMIANVS</span> <span class='ocrx_word' id='word_1_2' title='bbox 1113 299 1197 340; x_wconf 85' lang='lat'>434</span> <span class='ocrx_word' id='word_1_3' title='bbox 1808 302 2051 343; x_wconf 88' lang='lat' dir='ltr'>OPPIANVS</span> 
     </span>
    </p>
   </div>
   <div class='ocr_carea' id='block_1_2' title="bbox 1883 370 2045 377">
    <p class='ocr_par' dir='ltr' id='par_1_2' title="bbox 1883 370 2045 377">
     <span class='ocr_line' id='line_1_2' title="bbox 1883 370 2045 377; baseline 0 0"><span class='ocrx_word' id='word_1_4' title='bbox 1883 370 2045 377; x_wconf 95' lang='lat' dir='ltr'> </span> 
     </span>
    </p>
   </div>
   <div class='ocr_carea' id='block_1_3' title="bbox 241 433 2056 3417">
    <p class='ocr_par' dir='ltr' id='par_1_3' title="bbox 318 433 2056 3009">
     <span class='ocr_line' id='line_1_3' title="bbox 333 433 2056 492; baseline -0.001 -13"><span class='ocrx_word' id='word_1_5' title='bbox 333 438 582 479; x_wconf 88' lang='lat' dir='ltr'>libertinum</span> <span class='ocrx_word' id='word_1_6' title='bbox 605 449 702 476; x_wconf 90' lang='lat' dir='ltr'>eum</span> <span class='ocrx_word' id='word_1_7' title='bbox 724 434 857 475; x_wconf 90' lang='lat' dir='ltr'>fuisse</span> <span class='ocrx_word' id='word_1_8' title='bbox 878 433 1195 489; x_wconf 83' lang='lat' dir='ltr'>servilibusque</span> <span class='ocrx_word' id='word_1_9' title='bbox 1217 434 1369 476; x_wconf 90' lang='lat' dir='ltr'>officiis</span> <span class='ocrx_word' id='word_1_10' title='bbox 1391 442 1647 491; x_wconf 89' lang='lat' dir='ltr'>occupatum</span> <span class='ocrx_word' id='word_1_11' title='bbox 1666 436 1710 476; x_wconf 90' lang='lat' dir='ltr'>in</span> <span class='ocrx_word' id='word_1_12' title='bbox 1732 435 1854 477; x_wconf 91' lang='lat' dir='ltr'>domo</span> <span class='ocrx_word' id='word_1_13' title='bbox 1877 437 2056 492; x_wconf 88' lang='lat' dir='ltr'>impera-</span> 
     </span>
     <span class='ocr_line' id='line_1_4' title="bbox 331 501 2056 559; baseline -0.001 -12"><span class='ocrx_word' id='word_1_14' title='bbox 331 506 452 558; x_wconf 86' lang='lat' dir='ltr'>toria⁷</span> <span class='ocrx_word' id='word_1_15' title='bbox 476 519 501 546; x_wconf 90' lang='lat' dir='ltr'>a</span> <span class='ocrx_word' id='word_1_16' title='bbox 518 504 678 546; x_wconf 84' lang='lat' dir='ltr'>Severo</span> <span class='ocrx_word' id='word_1_17' title='bbox 704 508 917 543; x_wconf 88' lang='lat' dir='ltr'>remotum</span> <span class='ocrx_word' id='word_1_18' title='bbox 938 501 992 543; x_wconf 87' lang='lat' dir='ltr'>ab</span> <span class='ocrx_word' id='word_1_19' title='bbox 1015 501 1080 543; x_wconf 90' lang='lat' dir='ltr'>his</span> <span class='ocrx_word' id='word_1_20' title='bbox 1103 502 1255 543; x_wconf 86' lang='lat' dir='ltr'>officiis</span> <span class='ocrx_word' id='word_1_21' title='bbox 1276 502 1600 559; x_wconf 81' lang='lat' dir='ltr'>relegatumque</span> <span class='ocrx_word' id='word_1_22' title='bbox 1620 505 1664 544; x_wconf 93' lang='lat' dir='ltr'>in</span> <span class='ocrx_word' id='word_1_23' title='bbox 1681 503 1895 558; x_wconf 76' lang='lat' dir='ltr'>Africamz,</span> <span class='ocrx_word' id='word_1_24' title='bbox 1917 504 2056 546; x_wconf 85' lang='lat' dir='ltr'>anulis</span> 
     </span>
     <span class='ocr_line' id='line_1_5' title="bbox 329 571 2054 626; baseline 0 -12"><span class='ocrx_word' id='word_1_25' title='bbox 329 574 469 614; x_wconf 88' lang='lat' dir='ltr'>aureis</span> <span class='ocrx_word' id='word_1_26' title='bbox 501 572 708 612; x_wconf 87' lang='lat' dir='ltr'>donatum</span> <span class='ocrx_word' id='word_1_27' title='bbox 740 571 1038 625; x_wconf 79' lang='lat' dir='ltr'>patrocinante</span> <span class='ocrx_word' id='word_1_28' title='bbox 1068 571 1196 612; x_wconf 88' lang='lat' dir='ltr'>Festo</span> <span class='ocrx_word' id='word_1_29' title='bbox 1228 571 1437 626; x_wconf 78' lang='lat' dir='ltr'>quodam3</span> <span class='ocrx_word' id='word_1_30' title='bbox 1477 571 1737 614; x_wconf 88' lang='lat' dir='ltr'>advocatum</span> <span class='ocrx_word' id='word_1_31' title='bbox 1765 572 1857 614; x_wconf 90' lang='lat' dir='ltr'>fisci</span> <span class='ocrx_word' id='word_1_32' title='bbox 1893 573 2054 615; x_wconf 86' lang='lat' dir='ltr'>factum</span> 
     </span>
     <span class='ocr_line' id='line_1_6' title="bbox 330 638 2055 696; baseline 0 -14"><span class='ocrx_word' id='word_1_33' title='bbox 330 642 409 682; x_wconf 89' lang='lat' dir='ltr'>sub</span> <span class='ocrx_word' id='word_1_34' title='bbox 434 640 548 681; x_wconf 85' lang='lat' dir='ltr'>Vero</span> <span class='ocrx_word' id='word_1_35' title='bbox 570 638 815 691; x_wconf 80' lang='lat' dir='ltr'>Antonino3</span> <span class='ocrx_word' id='word_1_36' title='bbox 845 638 899 680; x_wconf 90' lang='lat' dir='ltr'>ab</span> <span class='ocrx_word' id='word_1_37' title='bbox 921 638 1015 680; x_wconf 89' lang='lat' dir='ltr'>aliis</span> <span class='ocrx_word' id='word_1_38' title='bbox 1036 638 1209 692; x_wconf 84' lang='lat' dir='ltr'>dictum,</span> <span class='ocrx_word' id='word_1_39' title='bbox 1235 654 1332 681; x_wconf 92' lang='lat' dir='ltr'>eum</span> <span class='ocrx_word' id='word_1_40' title='bbox 1353 639 1634 694; x_wconf 78' lang='lat' dir='ltr'>gladiatorem</span> <span class='ocrx_word' id='word_1_41' title='bbox 1662 640 1796 682; x_wconf 89' lang='lat' dir='ltr'>fuisse</span> <span class='ocrx_word' id='word_1_42' title='bbox 1817 646 1859 682; x_wconf 88' lang='lat' dir='ltr'>et</span> <span class='ocrx_word' id='word_1_43' title='bbox 1879 647 2055 696; x_wconf 86' lang='lat' dir='ltr'>accepta</span> 
     </span>
     <span class='ocr_line' id='line_1_7' title="bbox 328 706 2052 760; baseline 0 -10"><span class='ocrx_word' id='word_1_44' title='bbox 328 708 425 750; x_wconf 88' lang='lat' dir='ltr'>rudi</span> <span class='ocrx_word' id='word_1_45' title='bbox 448 709 491 748; x_wconf 91' lang='lat' dir='ltr'>in</span> <span class='ocrx_word' id='word_1_46' title='bbox 512 707 706 748; x_wconf 76' lang='lat' dir='ltr'>Africam</span> <span class='ocrx_word' id='word_1_47' title='bbox 728 708 811 748; x_wconf 86' lang='lat' dir='ltr'>isse</span> <span class='ocrx_word' id='word_1_48' title='bbox 831 707 904 751; x_wconf 64' lang='lat' dir='ltr'>vit.</span> <span class='ocrx_word' id='word_1_49' title='bbox 924 706 1113 748; x_wconf 74' lang='lat' dir='ltr'>Macrin.</span> <span class='ocrx_word' id='word_1_50' title='bbox 1132 706 1189 760; x_wconf 89' lang='lat'>4.)</span> <span class='ocrx_word' id='word_1_51' title='bbox 1231 708 1344 748; x_wconf 89' lang='lat' dir='ltr'>Iuris</span> <span class='ocrx_word' id='word_1_52' title='bbox 1366 708 1582 750; x_wconf 90' lang='lat' dir='ltr'>studiosus</span> <span class='ocrx_word' id='word_1_53' title='bbox 1602 708 1691 750; x_wconf 80' lang='lat' dir='ltr'>Dio</span> <span class='ocrx_word' id='word_1_54' title='bbox 1712 710 1775 758; x_wconf 88' lang='lat'>78,</span> <span class='ocrx_word' id='word_1_55' title='bbox 1797 712 1862 758; x_wconf 87' lang='lat'>11,</span> <span class='ocrx_word' id='word_1_56' title='bbox 1893 707 2052 750; x_wconf 81' lang='lat' dir='ltr'><em>Herod.</em></span> 
     </span>
     <span class='ocr_line' id='line_1_8' title="bbox 328 775 2051 828; baseline 0.001 -10"><span class='ocrx_word' id='word_1_57' title='bbox 328 781 366 827; x_wconf 91' lang='lat'>4,</span> <span class='ocrx_word' id='word_1_58' title='bbox 404 779 471 825; x_wconf 83' lang='lat'>12,</span> <span class='ocrx_word' id='word_1_59' title='bbox 503 779 528 817; x_wconf 90' lang='lat'><strong><em>1</em></strong></span> <span class='ocrx_word' id='word_1_60' title='bbox 560 776 614 828; x_wconf 77' lang='lat' dir='ltr'>cf.</span> <span class='ocrx_word' id='word_1_61' title='bbox 645 775 716 815; x_wconf 73' lang='lat' dir='ltr'>vit.</span> <span class='ocrx_word' id='word_1_62' title='bbox 750 775 939 816; x_wconf 65' lang='lat' dir='ltr'>Macrin.</span> <span class='ocrx_word' id='word_1_63' title='bbox 972 778 1036 825; x_wconf 85' lang='lat'>13,</span> <span class='ocrx_word' id='word_1_64' title='bbox 1069 779 1105 818; x_wconf 87' lang='lat'>1.</span> <span class='ocrx_word' id='word_1_65' title='bbox 1164 775 1416 818; x_wconf 85' lang='lat' dir='ltr'>Advocatus</span> <span class='ocrx_word' id='word_1_66' title='bbox 1447 777 1539 818; x_wconf 89' lang='lat' dir='ltr'>fisci</span> <span class='ocrx_word' id='word_1_67' title='bbox 1568 777 1639 818; x_wconf 76' lang='lat' dir='ltr'>vit.</span> <span class='ocrx_word' id='word_1_68' title='bbox 1673 777 1862 818; x_wconf 67' lang='lat' dir='ltr'>Macrim.</span> <span class='ocrx_word' id='word_1_69' title='bbox 1893 781 1931 827; x_wconf 93' lang='lat'>4,</span> <span class='ocrx_word' id='word_1_70' title='bbox 1953 781 1992 821; x_wconf 92' lang='lat'>4.</span> <span class='ocrx_word' id='word_1_71' title='bbox 2014 781 2051 827; x_wconf 92' lang='lat'>6,</span> 
     </span>
     <span class='ocr_line' id='line_1_9' title="bbox 332 843 2053 901; baseline 0 -15"><span class='ocrx_word' id='word_1_72' title='bbox 332 844 428 886; x_wconf 84' lang='lat' dir='ltr'>‘sub</span> <span class='ocrx_word' id='word_1_73' title='bbox 461 844 576 885; x_wconf 86' lang='lat' dir='ltr'>Vero</span> <span class='ocrx_word' id='word_1_74' title='bbox 608 843 844 885; x_wconf 75' lang='lat' dir='ltr'>Antonino’</span> <span class='ocrx_word' id='word_1_75' title='bbox 870 843 925 884; x_wconf 68' lang='lat' dir='ltr'>ib.</span> <span class='ocrx_word' id='word_1_76' title='bbox 946 846 984 892; x_wconf 91' lang='lat'>4,</span> <span class='ocrx_word' id='word_1_77' title='bbox 1008 847 1058 894; x_wconf 91' lang='grc'>4,·</span> <span class='ocrx_word' id='word_1_78' title='bbox 1094 850 1164 884; x_wconf 86' lang='lat' dir='ltr'>‘ex</span> <span class='ocrx_word' id='word_1_79' title='bbox 1194 859 1278 900; x_wconf 92' lang='lat' dir='ltr'>quo</span> <span class='ocrx_word' id='word_1_80' title='bbox 1310 844 1450 886; x_wconf 88' lang='lat' dir='ltr'>officio</span> <span class='ocrx_word' id='word_1_81' title='bbox 1481 845 1534 886; x_wconf 90' lang='lat' dir='ltr'>ad</span> <span class='ocrx_word' id='word_1_82' title='bbox 1566 845 1828 900; x_wconf 87' lang='lat' dir='ltr'>amplissima</span> <span class='ocrx_word' id='word_1_83' title='bbox 1856 859 2053 901; x_wconf 89' lang='lat' dir='ltr'>quaeque</span> 
     </span>
     <span class='ocr_line' id='line_1_10' title="bbox 328 910 2052 967; baseline 0.001 -14"><span class='ocrx_word' id='word_1_84' title='bbox 328 913 541 967; x_wconf 83' lang='lat' dir='ltr'>pervenit&#39;</span> <span class='ocrx_word' id='word_1_85' title='bbox 571 915 610 961; x_wconf 92' lang='lat'>4,</span> <span class='ocrx_word' id='word_1_86' title='bbox 644 915 681 953; x_wconf 86' lang='lat'>6.</span> <span class='ocrx_word' id='word_1_87' title='bbox 742 910 853 953; x_wconf 87' lang='lat' dir='ltr'>Cum</span> <span class='ocrx_word' id='word_1_88' title='bbox 894 925 1068 952; x_wconf 85' lang='lat' dir='ltr'>causam</span> <span class='ocrx_word' id='word_1_89' title='bbox 1108 913 1235 953; x_wconf 89' lang='lat' dir='ltr'>amici</span> <span class='ocrx_word' id='word_1_90' title='bbox 1275 912 1456 954; x_wconf 87' lang='lat' dir='ltr'>alicuius</span> <span class='ocrx_word' id='word_1_91' title='bbox 1489 913 1702 955; x_wconf 88' lang='lat' dir='ltr'>Plautiani</span> <span class='ocrx_word' id='word_1_92' title='bbox 1742 920 1910 967; x_wconf 86' lang='lat' dir='ltr'>ageret,</span> <span class='ocrx_word' id='word_1_93' title='bbox 1949 912 2052 955; x_wconf 88' lang='lat' dir='ltr'>huic</span> 
     </span>
     <span class='ocr_line' id='line_1_11' title="bbox 328 979 2050 1035; baseline 0.001 -14"><span class='ocrx_word' id='word_1_94' title='bbox 328 981 515 1022; x_wconf 84' lang='lat' dir='ltr'>innotuit</span> <span class='ocrx_word' id='word_1_95' title='bbox 556 981 735 1035; x_wconf 88' lang='lat' dir='ltr'>eiusque</span> <span class='ocrx_word' id='word_1_96' title='bbox 776 994 844 1020; x_wconf 87' lang='lat' dir='ltr'>res</span> <span class='ocrx_word' id='word_1_97' title='bbox 882 980 1132 1034; x_wconf 79' lang='lat' dir='ltr'>procuravit</span> <span class='ocrx_word' id='word_1_98' title='bbox 1171 979 1258 1022; x_wconf 62' lang='lat' dir='ltr'>Dio</span> <span class='ocrx_word' id='word_1_99' title='bbox 1301 981 1325 1022; x_wconf 82' lang='lat' dir='ltr'>l.</span> <span class='ocrx_word' id='word_1_100' title='bbox 1368 995 1401 1023; x_wconf 77' lang='lat' dir='ltr'>e.</span> <span class='ocrx_word' id='word_1_101' title='bbox 1468 982 1571 1023; x_wconf 84' lang='lat' dir='ltr'>Post</span> <span class='ocrx_word' id='word_1_102' title='bbox 1614 981 1832 1023; x_wconf 86' lang='lat' dir='ltr'>Plautiani</span> <span class='ocrx_word' id='word_1_103' title='bbox 1876 981 2050 1022; x_wconf 88' lang='lat' dir='ltr'>caedem</span> 
     </span>
     <span class='ocr_line' id='line_1_12' title="bbox 328 1047 2050 1105; baseline 0.001 -16"><span class='ocrx_word' id='word_1_104' title='bbox 328 1055 369 1090; x_wconf 89' lang='lat' dir='ltr'>et</span> <span class='ocrx_word' id='word_1_105' title='bbox 414 1050 503 1102; x_wconf 89' lang='lat' dir='ltr'>ipse</span> <span class='ocrx_word' id='word_1_106' title='bbox 547 1047 837 1103; x_wconf 84' lang='lat' dir='ltr'>periclitatus,</span> <span class='ocrx_word' id='word_1_107' title='bbox 885 1054 1081 1089; x_wconf 87' lang='lat' dir='ltr'>servatur</span> <span class='ocrx_word' id='word_1_108' title='bbox 1126 1048 1385 1104; x_wconf 80' lang='lat' dir='ltr'>deprecante</span> <span class='ocrx_word' id='word_1_109' title='bbox 1430 1063 1507 1105; x_wconf 88' lang='lat' dir='ltr'>pro</span> <span class='ocrx_word' id='word_1_110' title='bbox 1548 1064 1597 1091; x_wconf 92' lang='lat' dir='ltr'>eo</span> <span class='ocrx_word' id='word_1_111' title='bbox 1636 1049 1772 1091; x_wconf 85' lang='lat' dir='ltr'>Fabio</span> <span class='ocrx_word' id='word_1_112' title='bbox 1813 1049 1963 1092; x_wconf 85' lang='lat' dir='ltr'>Cilone</span> <span class='ocrx_word' id='word_1_113' title='bbox 1992 1050 2050 1091; x_wconf 74' lang='lat' dir='ltr'>ib.</span> 
     </span>
     <span class='ocr_line' id='line_1_13' title="bbox 328 1115 2050 1171; baseline 0.002 -15"><span class='ocrx_word' id='word_1_114' title='bbox 328 1116 579 1157; x_wconf 84' lang='lat' dir='ltr'>Praefectus</span> <span class='ocrx_word' id='word_1_115' title='bbox 600 1115 899 1157; x_wconf 83' lang='lat' dir='ltr'>vehiculorum</span> <span class='ocrx_word' id='word_1_116' title='bbox 919 1130 998 1171; x_wconf 89' lang='lat' dir='ltr'>per</span> <span class='ocrx_word' id='word_1_117' title='bbox 1019 1115 1276 1158; x_wconf 83' lang='lat' dir='ltr'>Flaminiam</span> <span class='ocrx_word' id='word_1_118' title='bbox 1300 1118 1356 1159; x_wconf 63' lang='lat' dir='ltr'>ib.</span> <span class='ocrx_word' id='word_1_119' title='bbox 1404 1118 1683 1170; x_wconf 88' lang='lat' dir='ltr'>(Procurator</span> <span class='ocrx_word' id='word_1_120' title='bbox 1703 1119 1856 1159; x_wconf 88' lang='lat' dir='ltr'>aerarii</span> <span class='ocrx_word' id='word_1_121' title='bbox 1877 1118 2050 1159; x_wconf 88' lang='lat' dir='ltr'>maioris</span> 
     </span>
     <span class='ocr_line' id='line_1_14' title="bbox 329 1183 2048 1240; baseline 0.001 -14"><span class='ocrx_word' id='word_1_122' title='bbox 329 1198 377 1226; x_wconf 88' lang='lat' dir='ltr'>eo</span> <span class='ocrx_word' id='word_1_123' title='bbox 419 1191 610 1240; x_wconf 86' lang='lat' dir='ltr'>tempore</span> <span class='ocrx_word' id='word_1_124' title='bbox 642 1198 726 1240; x_wconf 91' lang='lat' dir='ltr'>quo</span> <span class='ocrx_word' id='word_1_125' title='bbox 758 1183 1130 1226; x_wconf 90' lang='lat' dir='ltr'>Diadumenianus</span> <span class='ocrx_word' id='word_1_126' title='bbox 1163 1192 1287 1227; x_wconf 89' lang='lat' dir='ltr'>natus</span> <span class='ocrx_word' id='word_1_127' title='bbox 1319 1192 1382 1227; x_wconf 89' lang='lat' dir='ltr'>est</span> <span class='ocrx_word' id='word_1_128' title='bbox 1409 1187 1480 1227; x_wconf 61' lang='lat' dir='ltr'>vit.</span> <span class='ocrx_word' id='word_1_129' title='bbox 1512 1185 1645 1228; x_wconf 73' lang='lat' dir='ltr'>Diad.</span> <span class='ocrx_word' id='word_1_130' title='bbox 1675 1190 1713 1237; x_wconf 88' lang='lat'>4,</span> <span class='ocrx_word' id='word_1_131' title='bbox 1746 1188 1802 1238; x_wconf 84' lang='lat'>1.)</span> <span class='ocrx_word' id='word_1_132' title='bbox 1857 1185 1897 1227; x_wconf 92' lang='lat' dir='ltr'>A</span> <span class='ocrx_word' id='word_1_133' title='bbox 1920 1184 2048 1227; x_wconf 84' lang='lat' dir='ltr'>Cara-</span> 
     </span>
     <span class='ocr_line' id='line_1_15' title="bbox 327 1251 2049 1308; baseline 0.001 -15"><span class='ocrx_word' id='word_1_134' title='bbox 327 1252 435 1294; x_wconf 85' lang='lat' dir='ltr'>calla</span> <span class='ocrx_word' id='word_1_135' title='bbox 450 1251 744 1308; x_wconf 85' lang='lat' dir='ltr'>compluribus</span> <span class='ocrx_word' id='word_1_136' title='bbox 767 1251 970 1293; x_wconf 91' lang='lat' dir='ltr'>brevibus</span> <span class='ocrx_word' id='word_1_137' title='bbox 992 1254 1365 1308; x_wconf 87' lang='lat' dir='ltr'>procurationibus</span> <span class='ocrx_word' id='word_1_138' title='bbox 1383 1255 1555 1296; x_wconf 89' lang='lat' dir='ltr'>nomine</span> <span class='ocrx_word' id='word_1_139' title='bbox 1573 1261 1696 1296; x_wconf 87' lang='lat' dir='ltr'>tenus</span> <span class='ocrx_word' id='word_1_140' title='bbox 1713 1260 1945 1295; x_wconf 84' lang='lat' dir='ltr'>exornatus</span> <span class='ocrx_word' id='word_1_141' title='bbox 1962 1252 2049 1296; x_wconf 75' lang='lat' dir='ltr'>Dio</span> 
     </span>
     <span class='ocr_line' id='line_1_16' title="bbox 330 1320 2049 1378; baseline 0.001 -16"><span class='ocrx_word' id='word_1_142' title='bbox 330 1321 355 1362; x_wconf 77' lang='lat' dir='ltr'>l.</span> <span class='ocrx_word' id='word_1_143' title='bbox 378 1334 413 1363; x_wconf 71' lang='grc' dir='ltr'>ο.</span> <span class='ocrx_word' id='word_1_144' title='bbox 469 1321 750 1375; x_wconf 82' lang='lat' dir='ltr'>(Procurator</span> <span class='ocrx_word' id='word_1_145' title='bbox 780 1321 974 1376; x_wconf 88' lang='lat' dir='ltr'>privatae</span> <span class='ocrx_word' id='word_1_146' title='bbox 1000 1321 1070 1362; x_wconf 71' lang='lat' dir='ltr'>vit.</span> <span class='ocrx_word' id='word_1_147' title='bbox 1092 1321 1280 1363; x_wconf 73' lang='lat' dir='ltr'>Macrin.</span> <span class='ocrx_word' id='word_1_148' title='bbox 1304 1325 1342 1372; x_wconf 99' lang='lat'>7,</span> <span class='ocrx_word' id='word_1_149' title='bbox 1365 1326 1402 1373; x_wconf 83' lang='lat'>1,</span> <span class='ocrx_word' id='word_1_150' title='bbox 1435 1324 1628 1378; x_wconf 81' lang='lat' dir='ltr'>privatas</span> <span class='ocrx_word' id='word_1_151' title='bbox 1650 1325 1820 1365; x_wconf 83' lang='lat' dir='ltr'>curavit</span> <span class='ocrx_word' id='word_1_152' title='bbox 1850 1323 1902 1365; x_wconf 71' lang='lat' dir='ltr'>ib.</span> <span class='ocrx_word' id='word_1_153' title='bbox 1926 1323 1969 1370; x_wconf 91' lang='lat'>2,</span> <span class='ocrx_word' id='word_1_154' title='bbox 1991 1320 2049 1368; x_wconf 88' lang='lat'>1.)</span> 
     </span>
     <span class='ocr_line' id='line_1_17' title="bbox 328 1388 2046 1444; baseline 0 -14"><span class='ocrx_word' id='word_1_155' title='bbox 328 1389 482 1431; x_wconf 87' lang='lat' dir='ltr'>Scriba</span> <span class='ocrx_word' id='word_1_156' title='bbox 520 1388 787 1444; x_wconf 85' lang='lat' dir='ltr'>pontificius,</span> <span class='ocrx_word' id='word_1_157' title='bbox 831 1389 922 1429; x_wconf 89' lang='lat' dir='ltr'>sive</span> <span class='ocrx_word' id='word_1_158' title='bbox 953 1389 1149 1444; x_wconf 82' lang='lat' dir='ltr'>pontifex</span> <span class='ocrx_word' id='word_1_159' title='bbox 1178 1391 1320 1431; x_wconf 89' lang='lat' dir='ltr'>minor</span> <span class='ocrx_word' id='word_1_160' title='bbox 1348 1391 1419 1431; x_wconf 60' lang='lat' dir='ltr'>vit.</span> <span class='ocrx_word' id='word_1_161' title='bbox 1455 1390 1644 1432; x_wconf 70' lang='lat' dir='ltr'>Macrin.</span> <span class='ocrx_word' id='word_1_162' title='bbox 1678 1394 1714 1441; x_wconf 93' lang='lat'>7,</span> <span class='ocrx_word' id='word_1_163' title='bbox 1742 1394 1785 1434; x_wconf 89' lang='lat'>2.</span> <span class='ocrx_word' id='word_1_164' title='bbox 1846 1389 1886 1431; x_wconf 94' lang='lat' dir='ltr'><strong>A</strong></span> <span class='ocrx_word' id='word_1_165' title='bbox 1916 1389 2046 1431; x_wconf 86' lang='lat' dir='ltr'>Cara-</span> 
     </span>
     <span class='ocr_line' id='line_1_18' title="bbox 325 1456 2046 1513; baseline 0 -15"><span class='ocrx_word' id='word_1_166' title='bbox 325 1456 433 1499; x_wconf 82' lang='lat' dir='ltr'>calla</span> <span class='ocrx_word' id='word_1_167' title='bbox 468 1457 522 1498; x_wconf 88' lang='lat' dir='ltr'>ad</span> <span class='ocrx_word' id='word_1_168' title='bbox 563 1456 876 1512; x_wconf 86' lang='lat' dir='ltr'>praefecturam</span> <span class='ocrx_word' id='word_1_169' title='bbox 917 1459 1119 1512; x_wconf 87' lang='lat' dir='ltr'>praetorii</span> <span class='ocrx_word' id='word_1_170' title='bbox 1157 1465 1377 1513; x_wconf 89' lang='lat' dir='ltr'>promotus</span> <span class='ocrx_word' id='word_1_171' title='bbox 1408 1458 1496 1501; x_wconf 70' lang='lat' dir='ltr'>Dio</span> <span class='ocrx_word' id='word_1_172' title='bbox 1528 1459 1553 1502; x_wconf 83' lang='lat' dir='ltr'>Z.</span> <span class='ocrx_word' id='word_1_173' title='bbox 1586 1473 1634 1509; x_wconf 74' lang='grc'>6.,</span> <span class='ocrx_word' id='word_1_174' title='bbox 1668 1473 1779 1501; x_wconf 70' lang='lat' dir='ltr'>anno</span> <span class='ocrx_word' id='word_1_175' title='bbox 1808 1461 1855 1500; x_wconf 74' lang='lat' dir='ltr'>ut</span> <span class='ocrx_word' id='word_1_176' title='bbox 1883 1457 2046 1499; x_wconf 74' lang='lat' dir='ltr'>videtur</span> 
     </span>
     <span class='ocr_line' id='line_1_19' title="bbox 323 1524 2044 1582; baseline -0.001 -14"><span class='ocrx_word' id='word_1_177' title='bbox 323 1529 413 1568; x_wconf 85' lang='lat'>212</span> <span class='ocrx_word' id='word_1_178' title='bbox 433 1528 532 1579; x_wconf 74' lang='lat' dir='ltr'>post</span> <span class='ocrx_word' id='word_1_179' title='bbox 561 1539 699 1567; x_wconf 75' lang='lat' dir='ltr'>necem</span> <span class='ocrx_word' id='word_1_180' title='bbox 724 1524 904 1566; x_wconf 69' lang='lat' dir='ltr'>Aemilii</span> <span class='ocrx_word' id='word_1_181' title='bbox 932 1524 1181 1579; x_wconf 73' lang='lat' dir='ltr'>Papiniani,</span> <span class='ocrx_word' id='word_1_182' title='bbox 1214 1527 1285 1568; x_wconf 65' lang='lat' dir='ltr'>vit.</span> <span class='ocrx_word' id='word_1_183' title='bbox 1316 1526 1468 1568; x_wconf 74' lang='lat' dir='ltr'>Carae.</span> <span class='ocrx_word' id='word_1_184' title='bbox 1490 1530 1530 1577; x_wconf 97' lang='lat'>8,</span> <span class='ocrx_word' id='word_1_185' title='bbox 1552 1530 1591 1570; x_wconf 92' lang='lat'>8.</span> <span class='ocrx_word' id='word_1_186' title='bbox 1643 1527 1895 1569; x_wconf 85' lang='lat' dir='ltr'>Praefectus</span> <span class='ocrx_word' id='word_1_187' title='bbox 1924 1539 2044 1582; x_wconf 90' lang='lat' dir='ltr'>prae-</span> 
     </span>
     <span class='ocr_line' id='line_1_20' title="bbox 324 1592 2044 1645; baseline 0.001 -11"><span class='ocrx_word' id='word_1_188' title='bbox 324 1594 432 1634; x_wconf 88' lang='lat' dir='ltr'>torio</span> <span class='ocrx_word' id='word_1_189' title='bbox 462 1593 533 1634; x_wconf 62' lang='lat' dir='ltr'>vit.</span> <span class='ocrx_word' id='word_1_190' title='bbox 563 1592 716 1635; x_wconf 73' lang='lat' dir='ltr'>Carae.</span> <span class='ocrx_word' id='word_1_191' title='bbox 746 1596 784 1643; x_wconf 96' lang='lat'>6,</span> <span class='ocrx_word' id='word_1_192' title='bbox 818 1596 855 1642; x_wconf 86' lang='lat'>6,</span> <span class='ocrx_word' id='word_1_193' title='bbox 887 1594 959 1634; x_wconf 62' lang='lat' dir='ltr'>vit.</span> <span class='ocrx_word' id='word_1_194' title='bbox 992 1593 1181 1634; x_wconf 75' lang='lat' dir='ltr'>Macrin.</span> <span class='ocrx_word' id='word_1_195' title='bbox 1213 1596 1256 1644; x_wconf 88' lang='grc'><em>2,</em></span> <span class='ocrx_word' id='word_1_196' title='bbox 1288 1597 1326 1637; x_wconf 94' lang='grc'>1.</span> <span class='ocrx_word' id='word_1_197' title='bbox 1367 1599 1406 1644; x_wconf 91' lang='lat'>4,</span> <span class='ocrx_word' id='word_1_198' title='bbox 1440 1598 1477 1636; x_wconf 94' lang='lat'>7.</span> <span class='ocrx_word' id='word_1_199' title='bbox 1508 1598 1547 1644; x_wconf 97' lang='lat'>5,</span> <span class='ocrx_word' id='word_1_200' title='bbox 1577 1598 1615 1645; x_wconf 87' lang='lat'>3,</span> <span class='ocrx_word' id='word_1_201' title='bbox 1658 1594 1800 1637; x_wconf 73' lang='lat' dir='ltr'>Victor</span> <span class='ocrx_word' id='word_1_202' title='bbox 1827 1593 1948 1636; x_wconf 78' lang='lat' dir='ltr'>Caes.</span> <span class='ocrx_word' id='word_1_203' title='bbox 1969 1595 2044 1643; x_wconf 86' lang='lat'>22,</span> 
     </span>
     <span class='ocr_line' id='line_1_21' title="bbox 324 1660 2043 1716; baseline 0 -13"><span class='ocrx_word' id='word_1_204' title='bbox 324 1661 505 1715; x_wconf 70' lang='lat' dir='ltr'>Eatrop.</span> <span class='ocrx_word' id='word_1_205' title='bbox 531 1665 569 1711; x_wconf 88' lang='lat'>8,</span> <span class='ocrx_word' id='word_1_206' title='bbox 593 1664 662 1710; x_wconf 88' lang='grc'><em>21,</em></span> <span class='ocrx_word' id='word_1_207' title='bbox 695 1675 780 1702; x_wconf 91' lang='lat' dir='ltr'>una</span> <span class='ocrx_word' id='word_1_208' title='bbox 811 1675 910 1702; x_wconf 89' lang='lat' dir='ltr'>cum</span> <span class='ocrx_word' id='word_1_209' title='bbox 943 1660 1158 1703; x_wconf 87' lang='lat' dir='ltr'>Oclatinio</span> <span class='ocrx_word' id='word_1_210' title='bbox 1189 1661 1391 1704; x_wconf 86' lang='lat' dir='ltr'>Advento</span> <span class='ocrx_word' id='word_1_211' title='bbox 1424 1663 1511 1704; x_wconf 78' lang='lat' dir='ltr'>eod.</span> <span class='ocrx_word' id='word_1_212' title='bbox 1539 1663 1646 1705; x_wconf 73' lang='lat' dir='ltr'>Iust.</span> <span class='ocrx_word' id='word_1_213' title='bbox 1669 1666 1706 1713; x_wconf 88' lang='lat'>9,</span> <span class='ocrx_word' id='word_1_214' title='bbox 1728 1665 1794 1713; x_wconf 89' lang='grc'><em>51,</em></span> <span class='ocrx_word' id='word_1_215' title='bbox 1816 1665 1854 1716; x_wconf 89' lang='grc'>1,</span> <span class='ocrx_word' id='word_1_216' title='bbox 1887 1661 2043 1705; x_wconf 78' lang='lat' dir='ltr'>Herod.</span> 
     </span>
     <span class='ocr_line' id='line_1_22' title="bbox 323 1728 2045 1781; baseline -0.001 -9"><span class='ocrx_word' id='word_1_217' title='bbox 323 1734 360 1779; x_wconf 87' lang='lat'>4,</span> <span class='ocrx_word' id='word_1_218' title='bbox 383 1732 451 1779; x_wconf 88' lang='grc'>12,</span> <span class='ocrx_word' id='word_1_219' title='bbox 475 1733 513 1771; x_wconf 94' lang='grc'>1.</span> <span class='ocrx_word' id='word_1_220' title='bbox 566 1728 876 1771; x_wconf 86' lang='lat' dir='ltr'>Consularibus</span> <span class='ocrx_word' id='word_1_221' title='bbox 906 1731 1169 1771; x_wconf 86' lang='lat' dir='ltr'>ornamentis</span> <span class='ocrx_word' id='word_1_222' title='bbox 1200 1730 1436 1773; x_wconf 89' lang='lat' dir='ltr'>honoratus</span> <span class='ocrx_word' id='word_1_223' title='bbox 1467 1730 1555 1773; x_wconf 74' lang='lat' dir='ltr'>Dio</span> <span class='ocrx_word' id='word_1_224' title='bbox 1587 1734 1650 1781; x_wconf 90' lang='lat'>78,</span> <span class='ocrx_word' id='word_1_225' title='bbox 1683 1734 1749 1774; x_wconf 85' lang='lat'>13.</span> <span class='ocrx_word' id='word_1_226' title='bbox 1795 1729 2045 1772; x_wconf 85' lang='lat' dir='ltr'>Praefectus</span> 
     </span>
     <span class='ocr_line' id='line_1_23' title="bbox 325 1796 2043 1853; baseline 0.001 -15"><span class='ocrx_word' id='word_1_227' title='bbox 325 1798 549 1853; x_wconf 83' lang='lat' dir='ltr'>praetorio,</span> <span class='ocrx_word' id='word_1_228' title='bbox 583 1796 844 1839; x_wconf 85' lang='lat' dir='ltr'>clarissimus</span> <span class='ocrx_word' id='word_1_229' title='bbox 873 1798 941 1838; x_wconf 90' lang='lat' dir='ltr'>vir</span> <span class='ocrx_word' id='word_1_230' title='bbox 972 1797 1058 1839; x_wconf 79' lang='lat' dir='ltr'>cod.</span> <span class='ocrx_word' id='word_1_231' title='bbox 1081 1798 1188 1840; x_wconf 76' lang='lat' dir='ltr'>Just.</span> <span class='ocrx_word' id='word_1_232' title='bbox 1215 1798 1239 1839; x_wconf 80' lang='lat' dir='ltr'>l.</span> <span class='ocrx_word' id='word_1_233' title='bbox 1265 1813 1296 1839; x_wconf 83' lang='lat' dir='ltr'>c.</span> <span class='ocrx_word' id='word_1_234' title='bbox 1312 1812 1324 1848; x_wconf 90' lang='lat'><em>;</em></span> <span class='ocrx_word' id='word_1_235' title='bbox 1354 1798 1501 1853; x_wconf 72' lang='lat' dir='ltr'>fistula</span> <span class='ocrx_word' id='word_1_236' title='bbox 1528 1809 1616 1853; x_wconf 71' lang='lat' dir='ltr'>rep.</span> <span class='ocrx_word' id='word_1_237' title='bbox 1648 1800 1694 1841; x_wconf 73' lang='lat' dir='ltr'>in</span> <span class='ocrx_word' id='word_1_238' title='bbox 1722 1802 1859 1841; x_wconf 74' lang='lat' dir='ltr'>monte</span> <span class='ocrx_word' id='word_1_239' title='bbox 1885 1797 2043 1847; x_wconf 75' lang='lat' dir='ltr'>Caelio,</span> 
     </span>
     <span class='ocr_line' id='line_1_24' title="bbox 324 1865 2047 1921; baseline 0.001 -14"><span class='ocrx_word' id='word_1_240' title='bbox 324 1880 391 1919; x_wconf 75' lang='lat' dir='ltr'>ap.</span> <span class='ocrx_word' id='word_1_241' title='bbox 423 1865 593 1908; x_wconf 75' lang='lat' dir='ltr'>Dessau</span> <span class='ocrx_word' id='word_1_242' title='bbox 629 1866 756 1907; x_wconf 67' lang='lat' dir='ltr'>inser.</span> <span class='ocrx_word' id='word_1_243' title='bbox 798 1865 868 1908; x_wconf 80' lang='lat' dir='ltr'>sel.</span> <span class='ocrx_word' id='word_1_244' title='bbox 900 1869 993 1909; x_wconf 83' lang='lat'>461.</span> <span class='ocrx_word' id='word_1_245' title='bbox 1065 1866 1390 1908; x_wconf 81' lang='lat' dir='ltr'>Praefecturam</span> <span class='ocrx_word' id='word_1_246' title='bbox 1432 1868 1606 1921; x_wconf 84' lang='lat' dir='ltr'>egregie</span> <span class='ocrx_word' id='word_1_247' title='bbox 1647 1867 1921 1908; x_wconf 83' lang='lat' dir='ltr'>administrat</span> <span class='ocrx_word' id='word_1_248' title='bbox 1957 1865 2047 1908; x_wconf 74' lang='lat' dir='ltr'>Dio</span> 
     </span>
     <span class='ocr_line' id='line_1_25' title="bbox 324 1933 2042 1993; baseline -0.001 -17"><span class='ocrx_word' id='word_1_249' title='bbox 324 1937 387 1984; x_wconf 90' lang='grc'>78,</span> <span class='ocrx_word' id='word_1_250' title='bbox 415 1937 479 1978; x_wconf 83' lang='grc'>11.</span> <span class='ocrx_word' id='word_1_251' title='bbox 550 1933 677 1975; x_wconf 90' lang='lat' dir='ltr'>Anno</span> <span class='ocrx_word' id='word_1_252' title='bbox 720 1934 801 1975; x_wconf 83' lang='lat'>217</span> <span class='ocrx_word' id='word_1_253' title='bbox 843 1940 993 1993; x_wconf 81' lang='lat' dir='ltr'>auctor</span> <span class='ocrx_word' id='word_1_254' title='bbox 1035 1934 1180 1976; x_wconf 86' lang='lat' dir='ltr'>caedis</span> <span class='ocrx_word' id='word_1_255' title='bbox 1222 1934 1473 1977; x_wconf 85' lang='lat' dir='ltr'>Caracallae</span> <span class='ocrx_word' id='word_1_256' title='bbox 1511 1935 1600 1977; x_wconf 69' lang='lat' dir='ltr'>Dio</span> <span class='ocrx_word' id='word_1_257' title='bbox 1633 1938 1697 1985; x_wconf 87' lang='lat'>78,</span> <span class='ocrx_word' id='word_1_258' title='bbox 1730 1939 1768 1977; x_wconf 92' lang='grc'>4.</span> <span class='ocrx_word' id='word_1_259' title='bbox 1797 1937 1847 1985; x_wconf 88' lang='grc'>5,·</span> <span class='ocrx_word' id='word_1_260' title='bbox 1884 1933 2042 1976; x_wconf 80' lang='lat' dir='ltr'>Herod.</span> 
     </span>
     <span class='ocr_line' id='line_1_26' title="bbox 320 2002 2040 2060; baseline 0.001 -17"><span class='ocrx_word' id='word_1_261' title='bbox 320 2006 358 2052; x_wconf 86' lang='lat'>4,</span> <span class='ocrx_word' id='word_1_262' title='bbox 390 2006 465 2053; x_wconf 84' lang='lat'>13;</span> <span class='ocrx_word' id='word_1_263' title='bbox 494 2003 565 2044; x_wconf 64' lang='lat' dir='ltr'>vit.</span> <span class='ocrx_word' id='word_1_264' title='bbox 595 2002 748 2044; x_wconf 77' lang='lat' dir='ltr'>Carae.</span> <span class='ocrx_word' id='word_1_265' title='bbox 781 2006 818 2052; x_wconf 89' lang='lat'>6,</span> <span class='ocrx_word' id='word_1_266' title='bbox 846 2005 871 2044; x_wconf 92' lang='lat'><strong><em>6</em></strong></span> <span class='ocrx_word' id='word_1_267' title='bbox 882 2016 894 2053; x_wconf 91' lang='lat'><em>;</em></span> <span class='ocrx_word' id='word_1_268' title='bbox 928 2003 1000 2044; x_wconf 72' lang='lat' dir='ltr'>vit.</span> <span class='ocrx_word' id='word_1_269' title='bbox 1034 2003 1222 2045; x_wconf 72' lang='lat' dir='ltr'>Macrin.</span> <span class='ocrx_word' id='word_1_270' title='bbox 1255 2007 1292 2053; x_wconf 87' lang='lat'>4,</span> <span class='ocrx_word' id='word_1_271' title='bbox 1327 2007 1364 2045; x_wconf 94' lang='lat'>7.</span> <span class='ocrx_word' id='word_1_272' title='bbox 1415 2005 1655 2060; x_wconf 87' lang='lat' dir='ltr'>Imperator</span> <span class='ocrx_word' id='word_1_273' title='bbox 1686 2003 1895 2046; x_wconf 87' lang='lat' dir='ltr'>salutatus</span> <span class='ocrx_word' id='word_1_274' title='bbox 1926 2002 1967 2045; x_wconf 94' lang='lat' dir='ltr'>d.</span> <span class='ocrx_word' id='word_1_275' title='bbox 1994 2003 2040 2044; x_wconf 83' lang='lat'>11</span> 
     </span>
     <span class='ocr_line' id='line_1_27' title="bbox 322 2070 2044 2127; baseline 0 -15"><span class='ocrx_word' id='word_1_276' title='bbox 322 2070 428 2127; x_wconf 88' lang='lat' dir='ltr'>Apr.</span> <span class='ocrx_word' id='word_1_277' title='bbox 458 2070 546 2112; x_wconf 68' lang='lat' dir='ltr'>Dio</span> <span class='ocrx_word' id='word_1_278' title='bbox 578 2074 642 2120; x_wconf 91' lang='lat'>78,</span> <span class='ocrx_word' id='word_1_279' title='bbox 675 2073 740 2113; x_wconf 91' lang='grc'>11.</span> <span class='ocrx_word' id='word_1_280' title='bbox 801 2071 1042 2126; x_wconf 86' lang='lat' dir='ltr'>Imperator</span> <span class='ocrx_word' id='word_1_281' title='bbox 1077 2071 1230 2125; x_wconf 86' lang='lat' dir='ltr'>factus,</span> <span class='ocrx_word' id='word_1_282' title='bbox 1273 2072 1426 2114; x_wconf 87' lang='lat' dir='ltr'>Severi</span> <span class='ocrx_word' id='word_1_283' title='bbox 1466 2086 1619 2115; x_wconf 90' lang='lat' dir='ltr'>nomen</span> <span class='ocrx_word' id='word_1_284' title='bbox 1662 2072 1742 2114; x_wconf 91' lang='lat' dir='ltr'>sibi</span> <span class='ocrx_word' id='word_1_285' title='bbox 1775 2071 1927 2114; x_wconf 86' lang='lat' dir='ltr'>tribuit</span> <span class='ocrx_word' id='word_1_286' title='bbox 1956 2070 2044 2113; x_wconf 73' lang='lat' dir='ltr'>Dio</span> 
     </span>
     <span class='ocr_line' id='line_1_28' title="bbox 325 2139 2043 2195; baseline 0 -14"><span class='ocrx_word' id='word_1_287' title='bbox 325 2142 388 2189; x_wconf 87' lang='lat'>78,</span> <span class='ocrx_word' id='word_1_288' title='bbox 419 2142 484 2182; x_wconf 84' lang='lat'>16.</span> <span class='ocrx_word' id='word_1_289' title='bbox 515 2142 582 2189; x_wconf 89' lang='lat'>37,</span> <span class='ocrx_word' id='word_1_290' title='bbox 613 2139 684 2180; x_wconf 69' lang='lat' dir='ltr'>vit.</span> <span class='ocrx_word' id='word_1_291' title='bbox 715 2141 753 2188; x_wconf 92' lang='lat'>5,</span> <span class='ocrx_word' id='word_1_292' title='bbox 780 2142 806 2180; x_wconf 93' lang='lat'><strong><em>7</em></strong></span> <span class='ocrx_word' id='word_1_293' title='bbox 835 2139 1004 2195; x_wconf 81' lang='lat' dir='ltr'>(‘seque</span> <span class='ocrx_word' id='word_1_294' title='bbox 1034 2153 1151 2181; x_wconf 89' lang='lat' dir='ltr'>nunc</span> <span class='ocrx_word' id='word_1_295' title='bbox 1183 2140 1390 2183; x_wconf 86' lang='lat' dir='ltr'>Severum</span> <span class='ocrx_word' id='word_1_296' title='bbox 1428 2156 1544 2182; x_wconf 88' lang='lat' dir='ltr'>nunc</span> <span class='ocrx_word' id='word_1_297' title='bbox 1574 2140 1841 2182; x_wconf 87' lang='lat' dir='ltr'>Antoninum</span> <span class='ocrx_word' id='word_1_298' title='bbox 1882 2154 2043 2181; x_wconf 88' lang='lat' dir='ltr'>nuncu-</span> 
     </span>
     <span class='ocr_line' id='line_1_29' title="bbox 322 2207 2044 2264; baseline 0 -16"><span class='ocrx_word' id='word_1_299' title='bbox 322 2207 458 2262; x_wconf 78' lang='lat' dir='ltr'>pavit‘</span> <span class='ocrx_word' id='word_1_300' title='bbox 491 2207 562 2248; x_wconf 72' lang='lat' dir='ltr'>vit.</span> <span class='ocrx_word' id='word_1_301' title='bbox 586 2210 627 2256; x_wconf 87' lang='grc'>2,</span> <span class='ocrx_word' id='word_1_302' title='bbox 650 2210 675 2247; x_wconf 95' lang='grc'><em>1</em></span> <span class='ocrx_word' id='word_1_303' title='bbox 707 2207 759 2259; x_wconf 78' lang='lat' dir='ltr'>cf.</span> <span class='ocrx_word' id='word_1_304' title='bbox 780 2209 818 2260; x_wconf 84' lang='lat'>3,</span> <span class='ocrx_word' id='word_1_305' title='bbox 842 2209 879 2256; x_wconf 88' lang='lat'>6,</span> <span class='ocrx_word' id='word_1_306' title='bbox 910 2221 996 2249; x_wconf 73' lang='lat' dir='ltr'>non</span> <span class='ocrx_word' id='word_1_307' title='bbox 1025 2207 1163 2261; x_wconf 79' lang='lat' dir='ltr'>recte).</span> <span class='ocrx_word' id='word_1_308' title='bbox 1209 2208 1316 2263; x_wconf 90' lang='lat' dir='ltr'>Imp.</span> <span class='ocrx_word' id='word_1_309' title='bbox 1350 2208 1512 2251; x_wconf 84' lang='lat' dir='ltr'>Caesar</span> <span class='ocrx_word' id='word_1_310' title='bbox 1541 2208 1600 2251; x_wconf 89' lang='lat' dir='ltr'>M.</span> <span class='ocrx_word' id='word_1_311' title='bbox 1634 2207 1828 2264; x_wconf 91' lang='lat' dir='ltr'>Opellius</span> <span class='ocrx_word' id='word_1_312' title='bbox 1859 2208 2044 2251; x_wconf 86' lang='lat' dir='ltr'>Severus</span> 
     </span>
     <span class='ocr_line' id='line_1_30' title="bbox 321 2274 2043 2331; baseline 0.001 -15"><span class='ocrx_word' id='word_1_313' title='bbox 321 2275 543 2316; x_wconf 86' lang='lat' dir='ltr'>Macrinus</span> <span class='ocrx_word' id='word_1_314' title='bbox 584 2274 810 2328; x_wconf 87' lang='lat' dir='ltr'>Augustus</span> <span class='ocrx_word' id='word_1_315' title='bbox 848 2276 1028 2325; x_wconf 74' lang='lat' dir='ltr'>nummi,</span> <span class='ocrx_word' id='word_1_316' title='bbox 1074 2275 1199 2317; x_wconf 68' lang='lat' dir='ltr'>tituli.</span> <span class='ocrx_word' id='word_1_317' title='bbox 1269 2275 1431 2318; x_wconf 83' lang='lat' dir='ltr'>Consul</span> <span class='ocrx_word' id='word_1_318' title='bbox 1476 2276 1726 2331; x_wconf 88' lang='lat' dir='ltr'>designatus</span> <span class='ocrx_word' id='word_1_319' title='bbox 1768 2276 1892 2319; x_wconf 88' lang='lat' dir='ltr'><strong><em>VIII</em></strong></span> <span class='ocrx_word' id='word_1_320' title='bbox 1921 2278 2043 2318; x_wconf 89' lang='grc'><em>4598.</em></span> 
     </span>
     <span class='ocr_line' id='line_1_31' title="bbox 324 2342 2044 2399; baseline 0.001 -14"><span class='ocrx_word' id='word_1_321' title='bbox 324 2342 505 2395; x_wconf 85' lang='lat' dir='ltr'>(Consul</span> <span class='ocrx_word' id='word_1_322' title='bbox 534 2344 782 2397; x_wconf 84' lang='lat' dir='ltr'>designatus</span> <span class='ocrx_word' id='word_1_323' title='bbox 814 2345 970 2385; x_wconf 88' lang='lat' dir='ltr'>iterum</span> <span class='ocrx_word' id='word_1_324' title='bbox 1002 2347 1028 2387; x_wconf 78' lang='lat' dir='ltr'>t.</span> <span class='ocrx_word' id='word_1_325' title='bbox 1060 2344 1264 2387; x_wconf 61' lang='lat' dir='ltr'>Ostiensis</span> <span class='ocrx_word' id='word_1_326' title='bbox 1289 2344 1402 2398; x_wconf 74' lang='lat' dir='ltr'>Eph.</span> <span class='ocrx_word' id='word_1_327' title='bbox 1437 2360 1497 2399; x_wconf 74' lang='lat' dir='ltr'>ep.</span> <span class='ocrx_word' id='word_1_328' title='bbox 1532 2349 1568 2394; x_wconf 87' lang='lat'>7,</span> <span class='ocrx_word' id='word_1_329' title='bbox 1601 2348 1724 2394; x_wconf 84' lang='lat'><strong><em>1209,</em></strong></span> <span class='ocrx_word' id='word_1_330' title='bbox 1755 2346 1895 2387; x_wconf 74' lang='lat' dir='ltr'>minus</span> <span class='ocrx_word' id='word_1_331' title='bbox 1925 2358 2044 2386; x_wconf 79' lang='lat' dir='ltr'>accu-</span> 
     </span>
     <span class='ocr_line' id='line_1_32' title="bbox 327 2410 2042 2464; baseline 0.001 -12"><span class='ocrx_word' id='word_1_332' title='bbox 327 2410 465 2464; x_wconf 57' lang='lat' dir='ltr'>rate).</span> <span class='ocrx_word' id='word_1_333' title='bbox 514 2410 677 2453; x_wconf 84' lang='lat' dir='ltr'>Consul</span> <span class='ocrx_word' id='word_1_334' title='bbox 718 2411 843 2461; x_wconf 67' lang='lat' dir='ltr'>tituli,</span> <span class='ocrx_word' id='word_1_335' title='bbox 884 2426 995 2452; x_wconf 90' lang='lat' dir='ltr'>anno</span> <span class='ocrx_word' id='word_1_336' title='bbox 1028 2412 1109 2453; x_wconf 81' lang='lat'>218</span> <span class='ocrx_word' id='word_1_337' title='bbox 1150 2427 1249 2454; x_wconf 90' lang='lat' dir='ltr'>cum</span> <span class='ocrx_word' id='word_1_338' title='bbox 1280 2412 1495 2455; x_wconf 86' lang='lat' dir='ltr'>Oelatinio</span> <span class='ocrx_word' id='word_1_339' title='bbox 1530 2412 1732 2455; x_wconf 84' lang='lat' dir='ltr'>Advento</span> <span class='ocrx_word' id='word_1_340' title='bbox 1760 2412 1847 2455; x_wconf 74' lang='lat' dir='ltr'>Dio</span> <span class='ocrx_word' id='word_1_341' title='bbox 1877 2415 1941 2463; x_wconf 86' lang='lat'>78,</span> <span class='ocrx_word' id='word_1_342' title='bbox 1972 2416 2042 2459; x_wconf 88' lang='grc'>26,</span> 
     </span>
     <span class='ocr_line' id='line_1_33' title="bbox 323 2477 2045 2545; baseline 0.001 -25"><span class='ocrx_word' id='word_1_343' title='bbox 323 2479 410 2521; x_wconf 67' lang='lat' dir='ltr'>ind.</span> <span class='ocrx_word' id='word_1_344' title='bbox 434 2479 459 2522; x_wconf 85' lang='lat' dir='ltr'>l.</span> <span class='ocrx_word' id='word_1_345' title='bbox 483 2483 548 2529; x_wconf 88' lang='lat'>79,</span> <span class='ocrx_word' id='word_1_346' title='bbox 578 2480 631 2532; x_wconf 78' lang='lat' dir='ltr'>cf.</span> <span class='ocrx_word' id='word_1_347' title='bbox 657 2482 721 2545; x_wconf 63' lang='grc' dir='ltr'>78Ι</span> <span class='ocrx_word' id='word_1_348' title='bbox 743 2483 808 2523; x_wconf 89' lang='grc'>14.</span> <span class='ocrx_word' id='word_1_349' title='bbox 842 2483 907 2529; x_wconf 88' lang='grc'>79,</span> <span class='ocrx_word' id='word_1_350' title='bbox 931 2482 980 2530; x_wconf 92' lang='grc'>8,·</span> <span class='ocrx_word' id='word_1_351' title='bbox 1016 2477 1083 2521; x_wconf 87' lang='lat' dir='ltr'>VI</span> <span class='ocrx_word' id='word_1_352' title='bbox 1094 2483 1188 2521; x_wconf 91' lang='lat'>367.</span> <span class='ocrx_word' id='word_1_353' title='bbox 1218 2480 1267 2522; x_wconf 93' lang='lat' dir='ltr'><strong>X</strong></span> <span class='ocrx_word' id='word_1_354' title='bbox 1275 2480 1429 2522; x_wconf 86' lang='lat' dir='ltr'><strong><em>V4141</em></strong></span> <span class='ocrx_word' id='word_1_355' title='bbox 1452 2481 1621 2534; x_wconf 86' lang='lat' dir='ltr'>(consul</span> <span class='ocrx_word' id='word_1_356' title='bbox 1643 2483 1797 2523; x_wconf 90' lang='lat' dir='ltr'>iterum</span> <span class='ocrx_word' id='word_1_357' title='bbox 1817 2481 2045 2530; x_wconf 80' lang='lat' dir='ltr'><strong><em>XV4141‚</em></strong></span> 
     </span>
     <span class='ocr_line' id='line_1_34' title="bbox 320 2548 2048 2603; baseline 0.002 -15"><span class='ocrx_word' id='word_1_358' title='bbox 320 2551 497 2601; x_wconf 73' lang='lat' dir='ltr'>propter</span> <span class='ocrx_word' id='word_1_359' title='bbox 527 2551 775 2589; x_wconf 75' lang='lat' dir='ltr'>ornamenta</span> <span class='ocrx_word' id='word_1_360' title='bbox 806 2548 1050 2589; x_wconf 73' lang='lat' dir='ltr'>consularia</span> <span class='ocrx_word' id='word_1_361' title='bbox 1082 2552 1208 2590; x_wconf 74' lang='lat' dir='ltr'>antea</span> <span class='ocrx_word' id='word_1_362' title='bbox 1239 2553 1424 2603; x_wconf 72' lang='lat' dir='ltr'>accepta,</span> <span class='ocrx_word' id='word_1_363' title='bbox 1456 2551 1594 2591; x_wconf 67' lang='lat' dir='ltr'>minus</span> <span class='ocrx_word' id='word_1_364' title='bbox 1625 2553 1821 2592; x_wconf 75' lang='lat' dir='ltr'>accurate</span> <span class='ocrx_word' id='word_1_365' title='bbox 1841 2554 1881 2592; x_wconf 80' lang='lat' dir='ltr'>et</span> <span class='ocrx_word' id='word_1_366' title='bbox 1901 2553 2048 2592; x_wconf 73' lang='lat' dir='ltr'>eontra</span> 
     </span>
     <span class='ocr_line' id='line_1_35' title="bbox 323 2615 2047 2672; baseline 0.002 -16"><span class='ocrx_word' id='word_1_367' title='bbox 323 2616 458 2669; x_wconf 71' lang='lat' dir='ltr'>ipsius</span> <span class='ocrx_word' id='word_1_368' title='bbox 496 2615 770 2665; x_wconf 72' lang='lat' dir='ltr'>voluntatem,</span> <span class='ocrx_word' id='word_1_369' title='bbox 815 2617 868 2669; x_wconf 79' lang='lat' dir='ltr'>cf.</span> <span class='ocrx_word' id='word_1_370' title='bbox 902 2615 989 2657; x_wconf 60' lang='lat' dir='ltr'>Dio</span> <span class='ocrx_word' id='word_1_371' title='bbox 1019 2619 1083 2666; x_wconf 95' lang='lat'>78,</span> <span class='ocrx_word' id='word_1_372' title='bbox 1115 2617 1197 2671; x_wconf 83' lang='lat'>13).</span> <span class='ocrx_word' id='word_1_373' title='bbox 1266 2618 1419 2659; x_wconf 85' lang='lat' dir='ltr'>Victus</span> <span class='ocrx_word' id='word_1_374' title='bbox 1460 2618 1515 2660; x_wconf 89' lang='lat' dir='ltr'>ab</span> <span class='ocrx_word' id='word_1_375' title='bbox 1559 2617 1816 2672; x_wconf 86' lang='lat' dir='ltr'>Elagabalo,</span> <span class='ocrx_word' id='word_1_376' title='bbox 1859 2620 1905 2660; x_wconf 88' lang='lat' dir='ltr'>in</span> <span class='ocrx_word' id='word_1_377' title='bbox 1943 2618 2047 2672; x_wconf 87' lang='lat' dir='ltr'>fuga</span> 
     </span>
     <span class='ocr_line' id='line_1_36' title="bbox 326 2683 2050 2738; baseline 0.001 -14"><span class='ocrx_word' id='word_1_378' title='bbox 326 2683 660 2738; x_wconf 89' lang='lat' dir='ltr'>comprehensus</span> <span class='ocrx_word' id='word_1_379' title='bbox 692 2690 734 2724; x_wconf 92' lang='lat' dir='ltr'>et</span> <span class='ocrx_word' id='word_1_380' title='bbox 765 2685 930 2724; x_wconf 89' lang='lat' dir='ltr'>occisus</span> <span class='ocrx_word' id='word_1_381' title='bbox 963 2691 1026 2725; x_wconf 86' lang='lat' dir='ltr'>est</span> <span class='ocrx_word' id='word_1_382' title='bbox 1046 2684 1133 2726; x_wconf 70' lang='lat' dir='ltr'>Dio</span> <span class='ocrx_word' id='word_1_383' title='bbox 1158 2687 1222 2735; x_wconf 91' lang='lat'>78,</span> <span class='ocrx_word' id='word_1_384' title='bbox 1244 2689 1322 2735; x_wconf 88' lang='lat'>40;</span> <span class='ocrx_word' id='word_1_385' title='bbox 1352 2686 1510 2729; x_wconf 77' lang='lat' dir='ltr'>Herod.</span> <span class='ocrx_word' id='word_1_386' title='bbox 1532 2689 1570 2735; x_wconf 88' lang='lat'>5,</span> <span class='ocrx_word' id='word_1_387' title='bbox 1593 2690 1631 2736; x_wconf 91' lang='lat'>4,</span> <span class='ocrx_word' id='word_1_388' title='bbox 1654 2690 1731 2736; x_wconf 92' lang='grc'><em>10;</em></span> <span class='ocrx_word' id='word_1_389' title='bbox 1759 2687 1829 2727; x_wconf 71' lang='lat' dir='ltr'>vit.</span> <span class='ocrx_word' id='word_1_390' title='bbox 1854 2686 2050 2728; x_wconf 70' lang='lat' dir='ltr'>Macrini</span> 
     </span>
     <span class='ocr_line' id='line_1_37' title="bbox 324 2751 2049 2808; baseline 0.002 -16"><span class='ocrx_word' id='word_1_391' title='bbox 324 2754 391 2801; x_wconf 84' lang='lat'>10,</span> <span class='ocrx_word' id='word_1_392' title='bbox 421 2754 472 2802; x_wconf 87' lang='grc'>3,·</span> <span class='ocrx_word' id='word_1_393' title='bbox 511 2751 722 2793; x_wconf 60' lang='lat' dir='ltr'>Eusebius</span> <span class='ocrx_word' id='word_1_394' title='bbox 762 2751 903 2793; x_wconf 73' lang='lat' dir='ltr'>chron.</span> <span class='ocrx_word' id='word_1_395' title='bbox 944 2752 1064 2805; x_wconf 75' lang='lat' dir='ltr'>(vers.</span> <span class='ocrx_word' id='word_1_396' title='bbox 1086 2753 1218 2794; x_wconf 76' lang='lat' dir='ltr'>Arm.</span> <span class='ocrx_word' id='word_1_397' title='bbox 1252 2753 1310 2794; x_wconf 82' lang='lat' dir='ltr'>ad</span> <span class='ocrx_word' id='word_1_398' title='bbox 1338 2768 1376 2794; x_wconf 84' lang='lat' dir='ltr'>a.</span> <span class='ocrx_word' id='word_1_399' title='bbox 1408 2754 1516 2795; x_wconf 77' lang='lat' dir='ltr'>Abr.</span> <span class='ocrx_word' id='word_1_400' title='bbox 1545 2757 1680 2804; x_wconf 86' lang='lat'><strong><em>2234,</em></strong></span> <span class='ocrx_word' id='word_1_401' title='bbox 1713 2754 1958 2808; x_wconf 68' lang='lat' dir='ltr'>Hieronym.</span> <span class='ocrx_word' id='word_1_402' title='bbox 1991 2754 2049 2795; x_wconf 79' lang='lat' dir='ltr'>ad</span> 
     </span>
     <span class='ocr_line' id='line_1_38' title="bbox 326 2819 2047 2876; baseline 0.002 -16"><span class='ocrx_word' id='word_1_403' title='bbox 326 2834 366 2860; x_wconf 83' lang='lat' dir='ltr'>a.</span> <span class='ocrx_word' id='word_1_404' title='bbox 387 2819 544 2872; x_wconf 86' lang='lat'><strong><em>2235),·</em></strong></span> <span class='ocrx_word' id='word_1_405' title='bbox 575 2819 917 2873; x_wconf 71' lang='lat' dir='ltr'>chronoyraphus</span> <span class='ocrx_word' id='word_1_406' title='bbox 948 2821 1053 2861; x_wconf 72' lang='lat' dir='ltr'>anm</span> <span class='ocrx_word' id='word_1_407' title='bbox 1080 2823 1160 2862; x_wconf 89' lang='grc'>354</span> <span class='ocrx_word' id='word_1_408' title='bbox 1191 2821 1348 2875; x_wconf 75' lang='lat' dir='ltr'>(chron.</span> <span class='ocrx_word' id='word_1_409' title='bbox 1379 2822 1479 2863; x_wconf 74' lang='lat' dir='ltr'>min.</span> <span class='ocrx_word' id='word_1_410' title='bbox 1502 2822 1562 2863; x_wconf 76' lang='lat' dir='ltr'>ed.</span> <span class='ocrx_word' id='word_1_411' title='bbox 1591 2822 1787 2865; x_wconf 82' lang='lat' dir='ltr'>Momms.</span> <span class='ocrx_word' id='word_1_412' title='bbox 1809 2822 1844 2864; x_wconf 93' lang='lat' dir='ltr'><strong><em>I</em></strong></span> <span class='ocrx_word' id='word_1_413' title='bbox 1856 2837 1904 2876; x_wconf 77' lang='lat' dir='ltr'>p.</span> <span class='ocrx_word' id='word_1_414' title='bbox 1926 2822 2047 2876; x_wconf 82' lang='lat'><strong><em>147),-</em></strong></span> 
     </span>
     <span class='ocr_line' id='line_1_39' title="bbox 326 2886 2048 2945; baseline 0.003 -17"><span class='ocrx_word' id='word_1_415' title='bbox 326 2887 483 2929; x_wconf 78' lang='lat' dir='ltr'>Polem.</span> <span class='ocrx_word' id='word_1_416' title='bbox 506 2886 610 2929; x_wconf 66' lang='lat' dir='ltr'>Sz‘lv.</span> <span class='ocrx_word' id='word_1_417' title='bbox 639 2887 711 2938; x_wconf 72' lang='lat' dir='ltr'>(ib.</span> <span class='ocrx_word' id='word_1_418' title='bbox 734 2902 783 2940; x_wconf 75' lang='lat' dir='ltr'>p.</span> <span class='ocrx_word' id='word_1_419' title='bbox 804 2889 928 2942; x_wconf 88' lang='lat'><strong><em>521);</em></strong></span> <span class='ocrx_word' id='word_1_420' title='bbox 959 2887 1100 2929; x_wconf 73' lang='lat' dir='ltr'>chron.</span> <span class='ocrx_word' id='word_1_421' title='bbox 1132 2888 1341 2930; x_wconf 78' lang='lat' dir='ltr'>Paschale</span> <span class='ocrx_word' id='word_1_422' title='bbox 1362 2903 1410 2942; x_wconf 75' lang='lat' dir='ltr'>p.</span> <span class='ocrx_word' id='word_1_423' title='bbox 1431 2891 1514 2931; x_wconf 87' lang='lat'>498</span> <span class='ocrx_word' id='word_1_424' title='bbox 1544 2889 1604 2932; x_wconf 77' lang='lat' dir='ltr'>ed.</span> <span class='ocrx_word' id='word_1_425' title='bbox 1636 2889 1799 2940; x_wconf 76' lang='lat' dir='ltr'>Bonn.;</span> <span class='ocrx_word' id='word_1_426' title='bbox 1829 2890 2048 2945; x_wconf 76' lang='lat' dir='ltr'>Syncellus</span> 
     </span>
     <span class='ocr_line' id='line_1_40' title="bbox 318 2954 641 3009; baseline -0.003 -11"><span class='ocrx_word' id='word_1_427' title='bbox 318 2970 367 3009; x_wconf 74' lang='lat' dir='ltr'>p.</span> <span class='ocrx_word' id='word_1_428' title='bbox 384 2958 472 2998; x_wconf 83' lang='grc'><em>’672</em></span> <span class='ocrx_word' id='word_1_429' title='bbox 501 2954 641 2997; x_wconf 69' lang='lat' dir='ltr'>Bona.</span> 
     </span>
    </p>

    <p class='ocr_par' dir='ltr' id='par_1_4' title="bbox 243 3022 2047 3134">
     <span class='ocr_line' id='line_1_41' title="bbox 243 3022 2047 3069; baseline 0.002 -4"><span class='ocrx_word' id='word_1_430' title='bbox 243 3024 295 3066; x_wconf 74' lang='lat'>72</span> <span class='ocrx_word' id='word_1_431' title='bbox 327 3029 600 3065; x_wconf 89' lang='lat' dir='ltr'>OPIMIANVS</span> <span class='ocrx_word' id='word_1_432' title='bbox 652 3022 800 3064; x_wconf 92' lang='lat' dir='ltr'>consul</span> <span class='ocrx_word' id='word_1_433' title='bbox 851 3023 944 3065; x_wconf 81' lang='lat' dir='ltr'>suff.</span> <span class='ocrx_word' id='word_1_434' title='bbox 993 3037 1138 3064; x_wconf 87' lang='lat' dir='ltr'>mense</span> <span class='ocrx_word' id='word_1_435' title='bbox 1184 3023 1293 3065; x_wconf 85' lang='lat' dir='ltr'>Nov.</span> <span class='ocrx_word' id='word_1_436' title='bbox 1340 3039 1377 3065; x_wconf 87' lang='lat' dir='ltr'>a.</span> <span class='ocrx_word' id='word_1_437' title='bbox 1426 3026 1505 3066; x_wconf 74' lang='lat'>155</span> <span class='ocrx_word' id='word_1_438' title='bbox 1551 3040 1647 3066; x_wconf 87' lang='lat' dir='ltr'>cum</span> <span class='ocrx_word' id='word_1_439' title='bbox 1692 3026 1823 3067; x_wconf 86' lang='lat' dir='ltr'>Antio</span> <span class='ocrx_word' id='word_1_440' title='bbox 1869 3027 2047 3069; x_wconf 89' lang='lat' dir='ltr'>Polione</span> 
     </span>
     <span class='ocr_line' id='line_1_42' title="bbox 331 3090 549 3134; baseline 0.005 -2"><span class='ocrx_word' id='word_1_441' title='bbox 331 3090 399 3132; x_wconf 92' lang='lat' dir='ltr'>VI</span> <span class='ocrx_word' id='word_1_442' title='bbox 420 3094 549 3134; x_wconf 88' lang='grc'><em>2120.</em></span> 
     </span>
    </p>

    <p class='ocr_par' dir='ltr' id='par_1_5' title="bbox 241 3164 1433 3202">
     <span class='ocr_line' id='line_1_43' title="bbox 241 3164 1433 3202; baseline 0.002 -2"><span class='ocrx_word' id='word_1_443' title='bbox 241 3183 299 3189; x_wconf 81' lang='lat'>—-</span> <span class='ocrx_word' id='word_1_444' title='bbox 331 3165 437 3200; x_wconf 88' lang='lat' dir='ltr'>SEX.</span> <span class='ocrx_word' id='word_1_445' title='bbox 469 3164 713 3200; x_wconf 85' lang='lat' dir='ltr'><strong>LVTATIVS</strong></span> <span class='ocrx_word' id='word_1_446' title='bbox 747 3164 1039 3200; x_wconf 88' lang='lat' dir='ltr'>OPPIANICVS</span> <span class='ocrx_word' id='word_1_447' title='bbox 1071 3165 1433 3202; x_wconf 86' lang='lat' dir='ltr'>PETRONIANVS.</span> 
     </span>
    </p>

    <p class='ocr_par' dir='ltr' id='par_1_6' title="bbox 244 3232 1269 3269">
     <span class='ocr_line' id='line_1_44' title="bbox 244 3232 1269 3269; baseline 0 -1"><span class='ocrx_word' id='word_1_448' title='bbox 244 3251 299 3256; x_wconf 88' lang='lat'>—-</span> <span class='ocrx_word' id='word_1_449' title='bbox 330 3233 406 3268; x_wconf 87' lang='lat' dir='ltr'>CN.</span> <span class='ocrx_word' id='word_1_450' title='bbox 441 3233 614 3269; x_wconf 85' lang='lat' dir='ltr'>SERIVS</span> <span class='ocrx_word' id='word_1_451' title='bbox 648 3232 940 3268; x_wconf 87' lang='lat' dir='ltr'>OPPIANICVS</span> <span class='ocrx_word' id='word_1_452' title='bbox 970 3232 1269 3268; x_wconf 85' lang='lat' dir='ltr'>AVGVRINVS.</span> 
     </span>
    </p>

    <p class='ocr_par' dir='ltr' id='par_1_7' title="bbox 245 3293 2048 3417">
     <span class='ocr_line' id='line_1_45' title="bbox 245 3293 2048 3350; baseline 0.004 -16"><span class='ocrx_word' id='word_1_453' title='bbox 245 3294 298 3334; x_wconf 77' lang='lat'>723</span> <span class='ocrx_word' id='word_1_454' title='bbox 329 3293 577 3350; x_wconf 88' lang='lat' dir='ltr'>Oppianus:</span> <span class='ocrx_word' id='word_1_455' title='bbox 610 3295 665 3337; x_wconf 90' lang='lat' dir='ltr'>ad</span> <span class='ocrx_word' id='word_1_456' title='bbox 698 3309 794 3336; x_wconf 89' lang='lat' dir='ltr'>eum</span> <span class='ocrx_word' id='word_1_457' title='bbox 825 3293 972 3335; x_wconf 89' lang='lat' dir='ltr'>datum</span> <span class='ocrx_word' id='word_1_458' title='bbox 1004 3309 1179 3335; x_wconf 88' lang='lat' dir='ltr'>carmen</span> <span class='ocrx_word' id='word_1_459' title='bbox 1207 3295 1418 3337; x_wconf 87' lang='lat' dir='ltr'>Martialis</span> <span class='ocrx_word' id='word_1_460' title='bbox 1448 3300 1486 3346; x_wconf 91' lang='lat'>6,</span> <span class='ocrx_word' id='word_1_461' title='bbox 1506 3300 1578 3339; x_wconf 82' lang='lat'>42.</span> <span class='ocrx_word' id='word_1_462' title='bbox 1637 3297 1755 3339; x_wconf 80' lang='lat' dir='ltr'>Idem</span> <span class='ocrx_word' id='word_1_463' title='bbox 1784 3312 1944 3349; x_wconf 75' lang='lat' dir='ltr'>nomen,</span> <span class='ocrx_word' id='word_1_464' title='bbox 1974 3300 2048 3342; x_wconf 85' lang='lat' dir='ltr'>sed</span> 
     </span>
     <span class='ocr_line' id='line_1_46' title="bbox 327 3361 2044 3417; baseline 0.003 -13"><span class='ocrx_word' id='word_1_465' title='bbox 327 3375 411 3404; x_wconf 74' lang='lat' dir='ltr'>non</span> <span class='ocrx_word' id='word_1_466' title='bbox 442 3362 491 3404; x_wconf 81' lang='lat' dir='ltr'>de</span> <span class='ocrx_word' id='word_1_467' title='bbox 519 3362 670 3413; x_wconf 80' lang='lat' dir='ltr'>eodem,</span> <span class='ocrx_word' id='word_1_468' title='bbox 704 3377 772 3416; x_wconf 77' lang='lat' dir='ltr'>ap.</span> <span class='ocrx_word' id='word_1_469' title='bbox 796 3361 996 3404; x_wconf 72' lang='lat' dir='ltr'>Martial.</span> <span class='ocrx_word' id='word_1_470' title='bbox 1018 3365 1055 3411; x_wconf 89' lang='lat'>6,</span> <span class='ocrx_word' id='word_1_471' title='bbox 1079 3366 1147 3405; x_wconf 87' lang='lat'>62.</span> <span class='ocrx_word' id='word_1_472' title='bbox 1181 3366 1217 3412; x_wconf 93' lang='lat'>7,</span> <span class='ocrx_word' id='word_1_473' title='bbox 1237 3367 1276 3406; x_wconf 88' lang='lat'>4.</span> <span class='ocrx_word' id='word_1_474' title='bbox 1308 3366 1347 3413; x_wconf 90' lang='lat'>8,</span> <span class='ocrx_word' id='word_1_475' title='bbox 1369 3366 1426 3405; x_wconf 86' lang='lat'>25</span> <span class='ocrx_word' id='word_1_476' title='bbox 1457 3364 1510 3417; x_wconf 79' lang='lat' dir='ltr'>cf.</span> <span class='ocrx_word' id='word_1_477' title='bbox 1532 3363 1817 3406; x_wconf 72' lang='lat' dir='ltr'>Friedlcmder</span> <span class='ocrx_word' id='word_1_478' title='bbox 1838 3366 1897 3407; x_wconf 83' lang='lat' dir='ltr'>ad</span> <span class='ocrx_word' id='word_1_479' title='bbox 1914 3369 1951 3416; x_wconf 88' lang='lat'>6,</span> <span class='ocrx_word' id='word_1_480' title='bbox 1974 3370 2044 3410; x_wconf 87' lang='lat'>42.</span> 
     </span>
    </p>
   </div>
  </div>
 </body>
</html>
