2202 3724
265 310 431 349 IVLIVS
1130 298 1211 342 196
1904 303 2070 340 IVLIVS

270 441 377 483 235²
407 438 454 482 C.
478 437 651 492 Iul(ius)
678 437 863 479 Hermes
892 440 1145 491 procurator
1178 433 1476 488 (ferrariarum
1495 433 1751 476 Noricarum
1763 432 1804 487 P)
1835 436 1863 476 t.
1888 432 2074 475 Noricus

352 507 439 550 III
462 509 581 549 5036.

271 575 379 619 23510
410 573 546 616 Iulius
577 572 768 627 Hilarus,
801 576 1054 628 procurator
1084 563 1352 626 temporibus
1383 569 1567 611 Macrini
1597 569 1723 612 XIV
1735 572 1828 612 149.

269 644 352 686 236
384 642 521 684 Iulius
561 642 832 690 Honoratus,
875 654 930 681 ex
969 637 1206 694 primipilo,
1250 643 1505 693 procurator
1542 637 1655 691 Aug.
1697 637 1874 693 Alpium
1912 636 2072 678 mariti-

353 725 521 752 marum
552 708 632 750 sub
665 706 889 750 Caracalla
913 706 1021 749 XII
1045 710 1080 748 7.
1111 709 1231 750 5430.
1261 708 1382 748 5431.
1412 709 1535 749 5432.
1566 708 1673 748 5438
1704 706 1800 748 add.

269 780 351 823 237
384 778 431 822 (3.
464 777 600 820 Iulius
630 777 836 832 Hyginus
868 774 943 827 (sie
974 775 1089 818 Suet.
1123 788 1215 816 eum
1243 774 1500 829 Hieronymo
1510 788 1523 826 ;
1551 773 1689 816 Iulius
1717 775 1922 830 Hyginus
1950 773 2075 816 Colu-

354 846 480 890 mella
496 849 533 896 1,
555 848 619 895 13,
650 844 815 887 Gellius
834 847 873 894 1,
896 847 960 894 14,
985 847 1021 886 1.
1053 846 1092 893 6,
1115 846 1152 893 1,
1174 846 1216 886 2.
1251 846 1287 893 7,
1311 846 1349 892 6,
1371 846 1414 886 2.
1443 846 1507 893 16,
1531 846 1567 893 6,
1590 846 1655 893 14,
1685 842 1912 885 Charisius
1922 845 2074 897 p.134,

357 914 608 958 Macrobius
637 916 717 956 sat.
738 916 776 963 5,
801 914 866 963 18,
888 915 942 954 16
951 925 964 963 ,·
994 911 1044 955 L.
1067 911 1271 967 Hyginus
1303 910 1490 953 traditur
1514 925 1582 965 ap.
1605 910 1835 953 Ascanium
1863 911 1909 953 in
1929 909 2074 954 Pison.

356 987 475 1038 p.12
488 981 678 1037 Kiessl),
698 981 885 1037 Augusti
907 980 1097 1034 libertus,
1117 980 1292 1022 natione
1307 980 1530 1036 Hispanus
1543 1004 1594 1009 ——
1609 979 1803 1021 nonnulli
1821 978 2078 1021 Alexandri—

355 1066 458 1094 num
497 1050 709 1107 putabant
750 1056 792 1092 et
832 1065 858 1090 a
887 1048 1074 1091 Caesare
1114 1063 1296 1104 puerum
1327 1049 1507 1090 Romam
1546 1047 1779 1090 adductum
1809 1047 2078 1090 Alexandria

355 1126 483 1176 capta
510 1119 565 1173 (a.
593 1134 632 1162 u,
657 1133 692 1163 c.
715 1118 840 1173 707);
871 1117 1043 1159 auditor
1073 1124 1115 1158 et
1145 1118 1335 1159 imitator
1355 1116 1594 1159 Alexandri
1625 1115 1909 1172 Polyhistoris
1938 1129 2077 1171 gram-

351 1188 495 1230 matici
536 1186 694 1229 Graeci
727 1186 841 1229 Suet.
879 1186 928 1228 de
959 1199 1136 1240 yramm.
1169 1189 1227 1228 20
1267 1185 1381 1240 (inde
1421 1184 1470 1227 O.
1500 1184 1639 1226 Iulius
1681 1185 1884 1240 Hyginus
1924 1198 2076 1239 cogno-

355 1262 499 1298 mento
542 1254 790 1310 Polyhistor
827 1254 1133 1309 grammaticus
1174 1253 1356 1295 habetur
1396 1252 1588 1294 inlustris
1626 1252 1910 1307 Hieronymus
1949 1252 2007 1294 ad
2036 1267 2076 1296 a.

356 1325 463 1366 Abr.
494 1326 630 1374 2008,
672 1323 810 1365 minus
842 1322 1066 1377 accurate).
1127 1321 1341 1363 Plurimos
1383 1321 1529 1363 docuit
1569 1320 1928 1376 (grammaticam)
1961 1321 2077 1364 Suet.

358 1393 384 1435 l.
414 1406 471 1444 e.,·
515 1406 601 1433 non
640 1390 785 1433 hercle
826 1390 1026 1446 ignobilis
1067 1391 1373 1445 grammaticus
1413 1389 1521 1432 Gell.
1552 1393 1590 1440 1,
1621 1393 1691 1440 21,
1722 1393 1764 1433 2.
1825 1388 2078 1432 Praefectus

357 1460 646 1504 bibliothecae
687 1458 911 1501 Palatinae
950 1458 1065 1501 Suet.
1108 1458 1133 1500 l.
1166 1472 1199 1502 e.
1262 1457 1507 1500 Familiaris
1547 1457 1696 1500 Ovidii
1735 1458 1817 1509 ib.,·
1855 1457 2078 1500 familiaris

357 1529 497 1572 Clodii
527 1529 669 1571 Licini
699 1526 934 1569 consularis
966 1525 1064 1579 (eos.
1094 1525 1193 1578 suff.
1226 1541 1265 1568 a.
1289 1529 1371 1569 757
1398 1546 1454 1561 =
1474 1540 1522 1580 p.
1562 1525 1665 1568 Chr.
1695 1528 1737 1582 4)
1765 1525 1970 1581 historici,
2001 1526 2077 1582 qui

358 1612 456 1639 eum
491 1596 721 1639 admodum
763 1609 997 1652 pauperem
1028 1595 1260 1636 decessisse
1297 1594 1428 1637 tradit
1461 1601 1504 1636 et
1543 1593 1799 1636 liberalitate
1829 1609 1907 1636 sua
1935 1593 2078 1651 quoad

357 1666 518 1707 vixerit
555 1670 841 1707 sustentatum
874 1665 930 1706 ib.
958 1688 1015 1694 —
1046 1663 1229 1719 Scripsit
1255 1662 1402 1716 multa,
1435 1663 1480 1704 in
1510 1662 1576 1704 his
1608 1662 1790 1705 ‘Cinnae
1818 1663 2078 1720 propempti-

358 1741 453 1775 con'
485 1733 711 1776 Charisius
732 1747 781 1786 p.
804 1735 883 1774 134
903 1732 964 1776 ed.
988 1732 1114 1783 Keil,·
1144 1731 1197 1773 de
1228 1732 1333 1773 viris
1360 1730 1597 1774 illustribus
1625 1730 1734 1774 Gell.
1755 1735 1794 1782 1,
1817 1735 1882 1783 14,
1902 1735 1941 1782 1,
1973 1731 2081 1774 alibi

357 1802 427 1855 (de
461 1803 564 1844 viris
595 1801 720 1843 claris
750 1800 904 1842 Asson.
936 1800 982 1842 in
1012 1800 1156 1842 Pison.
1185 1814 1234 1854 p.
1267 1803 1324 1842 12
1357 1798 1565 1854 Kiessl.),·
1595 1798 1649 1841 de
1676 1798 1849 1841 familiis
1879 1799 2079 1841 Troianis

359 1870 477 1913 Serv.
509 1870 567 1911 ad
584 1869 691 1912 Aen.
714 1871 752 1920 5,
773 1871 880 1919 389;
910 1868 963 1910 de
995 1869 1080 1910 situ
1112 1868 1284 1910 urbium
1314 1867 1560 1909 Italicarum
1582 1867 1700 1910 Serv.
1722 1867 1780 1910 ad
1797 1867 1905 1911 Aen.
1925 1870 1964 1918 3,
1985 1870 2077 1910 353.

359 1942 395 1989 7,
417 1942 502 1981 412
522 1941 619 1988 eet.,
646 1937 711 1991 vde
742 1936 1008 1991 agricultura
1035 1936 1268 1979 Columella
1296 1940 1332 1986 1,
1366 1939 1403 1986 1,
1435 1939 1500 1986 13,
1536 1935 1762 1978 Charisius
1783 1951 1831 1991 p.
1857 1939 1942 1980 142
1963 1936 2078 1980 Keil.

358 2006 479 2048 Libri
520 2006 574 2047 de
614 2004 878 2060 agricultura
915 2004 1096 2047 adhibiti
1127 2006 1213 2047 iam
1244 2019 1269 2046 a
1298 2003 1492 2059 Vergilio
1521 2004 1753 2047 Columella
1783 2005 1809 2048 l.
1841 2018 1900 2057 e.,·
1929 2019 2079 2047 rursus

357 2081 525 2117 mortuo
556 2073 751 2129 Vergilio
782 2074 987 2129 Hyginus
1019 2074 1061 2114 in
1092 2074 1184 2115 eius
1213 2073 1403 2114 carmina
1434 2074 1759 2115 commentarios
1789 2072 1892 2115 fecit
1917 2072 2081 2116 Gellius

358 2146 395 2193 1,
417 2147 487 2193 21,
511 2146 554 2186 2.
597 2145 632 2192 7,
655 2145 693 2192 6,
714 2145 757 2185 2.
816 2142 954 2198 Saepe
991 2141 1211 2183 adhibitus
1246 2156 1272 2183 a
1302 2140 1443 2183 Plinio
1475 2140 1595 2183 Plin.
1616 2140 1656 2183 h.
1676 2155 1718 2183 n.
1740 2145 1777 2191 1,
1799 2144 1900 2183 3-6.
1931 2143 2081 2184 10—22

358 2211 413 2264 ef.
443 2210 660 2264 Detlefsen
687 2210 775 2251 ind.
806 2209 925 2251 Plin.
949 2224 997 2264 1⁰-
1019 2213 1084 2251 56.
1143 2209 1210 2262 Cf.
1240 2209 1296 2251 B.
1327 2208 1469 2251 Bunte
1506 2209 1556 2251 de
1590 2208 1636 2252 C.
1666 2209 1775 2251 Iulii
1801 2209 1966 2264 quini
1991 2210 2080 2251 vita

359 2282 397 2320 et
415 2278 584 2332 seripn’s
607 2276 722 2329 (diss.
747 2277 893 2319 Marb.
914 2279 1038 2333 1846)
1062 2280 1100 2318 et
1120 2277 1166 2318 in
1194 2276 1373 2318 editione
1402 2276 1651 2330 fabularum
1671 2276 1836 2331 Hyyini
1854 2291 1904 2331 p.
1928 2281 1954 2319 1
1973 2290 2080 2331 seq.‚·

365 2345 525 2397 Teuffel
564 2346 668 2388 Litt.
699 2346 731 2400 ἕ
761 2348 863 2388 262.
903 2370 960 2375 -
996 2345 1113 2398 Quae
1151 2346 1226 2387 sub
1267 2345 1431 2399 Hyyini
1467 2345 1633 2387 nomine
1665 2345 1862 2399 feruntur
1890 2345 2077 2399 fabulae,

362 2417 460 2457 item
491 2415 540 2458 de
572 2415 844 2465 astronomia,
864 2428 950 2456 non
970 2414 1157 2468 Auyusti
1177 2414 1432 2468 temporibus
1460 2414 1633 2467 scripta,
1666 2414 1738 2456 sed
1765 2414 1894 2456 multo
1913 2417 2079 2469 postea,

360 2484 492 2525 altero
519 2486 567 2525 ut
593 2483 756 2524 videtur
775 2497 823 2537 p.
852 2482 955 2525 Chr.
987 2482 1152 2524 saeculo
1162 2496 1175 2533 ,·
1206 2483 1259 2536 cf.
1291 2482 1484 2524 Bursian
1505 2481 1662 2524 Jahrb.
1692 2483 1724 2536 f.
1756 2482 1804 2526 el.
1838 2481 1951 2526 Phil.
1972 2484 2081 2525 1866

292 2596 295 2598 ,
360 2567 407 2606 p.
433 2555 522 2602 763,
552 2551 714 2593 Robert
743 2551 1039 2593 Eratosthenis
1070 2551 1455 2592 eatasterismorum
1484 2550 1688 2604 reliquiae
1709 2564 1757 2604 p.
1774 2553 1844 2593 35.

275 2621 356 2662 238
392 2620 649 2674 ..[1]VL1vs
678 2619 729 2660 *1
748 2651 898 2662 ......
930 2619 1190 2674 [IN]sTE1vs
1222 2618 1501 2673 PAVL1[NVS]
1532 2619 1582 2663 T.
1604 2618 1646 2672 f.,
1682 2618 1847 2673 [IIIvir]
1869 2618 2077 2675 capitalis,

360 2687 458 2732 trib.
479 2687 580 2742 [mil.
596 2687 677 2741 leg.
691 2687 751 2741 1]1
768 2687 848 2741 (vel
867 2687 982 2741 [Π]Ι)
1000 2687 1127 2741 Aug,
1147 2693 1351 2743 quaestor
1368 2720 1376 2728 .
1392 2719 1401 2729 .
1415 2720 1424 2729 .
1437 2720 1446 2728 .
1464 2690 1492 2728 t.
1506 2686 1807 2728 Praenestinus
1816 2686 1897 2729 XI
1901 2686 2078 2730 V2926.

275 2757 358 2799 239
386 2756 522 2798 Iulius
543 2755 689 2810 Indus,
714 2755 880 2810 Trevir,
903 2771 929 2797 a
945 2755 1129 2797 ducibus
1151 2756 1366 2797 exercitus
1382 2755 1628 2799 Germanici
1649 2756 1910 2811 praemissus
1932 2754 2080 2799 Gallos

362 2839 388 2866 a
407 2823 516 2866 Iulio
538 2822 669 2865 Floro
699 2823 754 2864 ad
775 2822 1059 2864 defectionem
1088 2824 1294 2864 excitatos
1326 2829 1368 2864 et
1390 2822 1668 2864 Arduennam
1701 2822 1858 2864 saltum
1887 2828 2080 2879 petentes

361 2892 528 2946 fugavit
564 2891 661 2935 Tae.
693 2905 732 2933 a.
752 2894 792 2941 3,
814 2894 883 2934 42.
942 2890 1032 2932 Ala
1060 2891 1255 2933 Indiana
1286 2889 1540 2942 (Mommsen
1571 2890 1661 2945 eph.
1693 2905 1754 2945 ep.
1775 2893 1803 2933 5
1823 2906 1870 2946 p.
1892 2890 1994 2943 247)
2025 2891 2078 2933 ab

361 2975 406 3002 eo
436 2959 600 3002 videtur
629 2972 778 3001 nomen
808 2958 999 3002 traxisse.

274 3030 357 3072 240
389 3035 430 3070 C.
466 3033 629 3069 IVLIVS
659 3033 911 3068 INGENVVS
943 3026 1202 3068 clarissimus
1241 3027 1431 3082 iuvenis,
1471 3027 1669 3070 tribunus
1709 3027 1890 3082 legionis
1928 3027 2079 3069 tertiae

360 3095 538 3139 Italicae
569 3099 597 3137 t.
632 3095 900 3138 Tridentinus
932 3094 1107 3139 V5032.

276 3166 354 3208 241
390 3163 527 3207 Iulius
558 3163 773 3206 Iulianus:
815 3163 854 3204 ei
885 3164 1198 3219 rescripserunt
1228 3163 1415 3206 Severus
1446 3170 1489 3206 et
1518 3164 1764 3206 Antoninus
1796 3163 1949 3206 Macer
1976 3161 2078 3217 Diq.

360 3236 427 3284 48,
459 3236 528 3283 21,
558 3236 602 3276 2.
661 3231 781 3274 Idem
816 3232 999 3285 fortasse
1028 3230 1167 3273 Iulius
1197 3232 1248 3274 Iu
1267 3265 1276 3274 .
1294 3265 1330 3274 ..
1362 3232 1418 3286 fr.
1453 3232 1544 3274 Vat.
1575 3236 1667 3276 119.
1738 3231 1910 3274 Videtur
1949 3231 2081 3284 fuisse

365 3313 540 3355 praeses
571 3300 820 3354 provinciae
858 3299 922 3341 vel
961 3299 1072 3342 alius
1110 3300 1394 3353 mayistratus.
1467 3300 1614 3342 Iudice
1652 3299 1886 3354 Boryhesio
1927 3313 2018 3354 opp.
2053 3300 2082 3339 3

364 3384 410 3423 1).
432 3371 514 3412 108
543 3382 627 3411 non
659 3368 845 3410 diversus
876 3382 903 3409 a
932 3368 982 3410 L.
1014 3368 1129 3410 Iulio
1159 3368 1332 3410 Iuliano
1362 3368 1495 3423 (infra
1524 3383 1565 3411 n.
1587 3372 1701 3425 245).
