2190 3724
123 268 335 306 FVLVIVS
998 257 1053 301 97
1721 260 1936 296 FVLVIVS

205 399 550 455 proficisceretur
580 397 656 441 ‘ad
685 395 1003 452 qiprimendam
1033 395 1262 450 factionem
1290 393 1598 444 Gallicanam',
1631 391 1750 435 cuius
1775 391 1940 435 tribuni

205 482 355 512 nomen
384 481 552 511 erasum
582 469 654 509 est.
714 465 803 509 Sed
831 466 970 508 obstat
1000 465 1262 508 coniecturae
1292 462 1632 512 Premersteinii,
1664 460 1776 516 quod
1801 460 1936 504 Plau-

206 538 350 580 tianus
378 537 467 578 iam
494 548 632 577 mense
661 534 792 576 Iunio
819 536 906 576 197
930 547 1017 575 non
1044 533 1180 575 solum
1205 532 1447 587 praefectus
1469 530 1692 586 praetorio
1721 530 1828 584 fuit,
1863 529 1938 572 sed

206 609 282 649 aut
302 605 549 660 praefectus
570 603 793 658 praetorio
821 602 936 645 solus
966 605 1043 644 aut
1070 602 1244 656 reliquis
1265 601 1501 656 praefectis
1531 599 1650 654 lonqe
1672 598 1934 649 honoratior,

204 675 259 729 cf.
290 674 423 728 infra.
482 672 670 727 Vestiyia
708 671 893 714 nominis
922 670 1157 714 Plautiani
1193 671 1240 712 in
1281 670 1423 725 lapide
1459 668 1781 711 Poetovionensi
1818 670 1935 709 eerta

201 742 325 786 nulla
353 741 523 797 aqnovit
552 740 815 794 Hirschfeld,
847 740 902 794 cf.
924 740 1014 782 III
1037 739 1084 783 S.
1106 738 1274 788 10868).
1324 737 1578 781 Praefectus
1607 737 1824 793 praetorio
1845 735 1935 779 Dio

206 815 269 862 75,
289 815 340 863 4;
369 810 529 853 Herod.
550 813 590 860 3,
612 813 680 860 10,
701 811 728 852 5
738 822 752 860 ;
779 809 851 851 vit.
882 807 975 852 Get.
996 812 1046 859 4,
1087 822 1186 850 cum
1215 806 1400 850 Aemilio
1439 806 1698 856 Saturnino,
1739 819 1869 862 quem
1910 819 1934 847 e

202 878 346 922 medio
375 878 487 921 tollit
503 877 594 921 Dio
615 880 679 928 75,
700 880 767 922 14.
813 876 1050 932 (Colleyam
1079 877 1212 930 fuisse
1242 876 1282 918 ei
1309 876 1439 918 etiam
1463 874 1672 917 Flavium
1692 873 1934 917 Iuvenalem

203 962 254 991 ex
282 949 372 990 vita
403 946 537 991 Getae
560 951 588 989 4
615 960 702 989 non
730 947 838 989 satis
867 948 956 988 tuto
985 944 1229 1000 eolliyitur).
1290 944 1539 987 Praefectus
1570 944 1786 1000 praetorio
1817 943 1933 986 solus

205 1016 293 1060 Dio
324 1016 350 1060 l.
383 1030 440 1067 6.,
481 1016 536 1070 cf.
565 1015 803 1058 Herodian.
833 1017 873 1065 3,
905 1017 970 1065 13,
1002 1017 1042 1058 1.
1102 1012 1293 1057 Ornatus
1333 1014 1596 1056 ornamentis
1630 1011 1932 1055 consularibus

202 1085 291 1129 Dio
321 1088 387 1135 46,
418 1088 484 1135 46,
513 1090 662 1141 postea
691 1084 736 1125 in
767 1089 967 1125 senatum
996 1081 1190 1125 adlectus
1221 1082 1302 1133 ib.,·
1332 1081 1595 1124 clarissimus
1624 1082 1694 1123 vir
1724 1084 1752 1123 t.
1774 1084 1840 1124 16.
1862 1084 1930 1132 18,

201 1155 276 1209 qui
304 1153 420 1196 tituli
445 1153 598 1208 scripti
624 1155 725 1195 sunt
744 1155 841 1194 ante
861 1151 1126 1194 consulatum
1145 1150 1388 1193 Plautiani.
1427 1150 1696 1205 Imaginibus
1717 1156 1759 1192 et
1779 1151 1932 1192 statuis

201 1221 357 1266 colitur
385 1223 524 1277 magis
554 1236 686 1278 quam
716 1221 799 1278 ipsi
835 1221 1116 1277 imperatores
1144 1218 1233 1261 Dio
1266 1221 1317 1261 75
1326 1252 1338 1269 ,
1369 1222 1423 1260 14
1432 1232 1446 1270 ,·
1485 1233 1572 1260 una
1612 1233 1711 1260 cum
1749 1219 1927 1274 impera·

201 1290 368 1334 toribus
399 1289 556 1332 colitur
584 1305 611 1332 a
638 1288 848 1332 militibus
878 1288 1057 1331 urbanis
1078 1291 1106 1330 t.
1128 1291 1284 1330 16-19.
1331 1287 1400 1330 Eo
1422 1288 1641 1341 potentiae
1658 1300 1931 1342 proyressum

199 1360 487 1403 Plautianum
515 1360 604 1401 iam
631 1372 769 1401 mense
798 1358 928 1400 Iunio
956 1360 1042 1400 197
1069 1356 1250 1399 ostendit
1278 1359 1306 1398 t.
1328 1359 1395 1398 16.
1446 1356 1603 1399 Comes
1632 1355 1931 1411 Augustorum

198 1444 278 1486 per
315 1443 462 1471 omnes
497 1427 792 1484 expeditiones
824 1441 973 1469 eorum
1000 1429 1028 1469 t.
1062 1429 1127 1468 14.
1188 1425 1410 1479 Potentia,
1452 1425 1657 1480 avaritia,
1698 1425 1930 1468 crudelitas

199 1499 290 1541 eius
328 1497 416 1540 Dio
454 1499 527 1547 75,
558 1499 701 1538 14—16
737 1496 792 1550 ef.
823 1497 890 1546 58,
921 1498 990 1537 14.
1059 1493 1197 1536 Iuliae
1237 1493 1388 1536 Severi
1428 1492 1622 1535 infensus
1658 1493 1747 1536 Dio
1779 1497 1844 1545 76,
1876 1497 1930 1538 15

200 1567 256 1621 ef.
288 1569 354 1617 76,
383 1569 434 1617 4,·
465 1568 530 1616 78,
559 1569 630 1609 24.
690 1563 848 1607 Filiam
878 1563 1100 1606 Antonino
1132 1562 1284 1606 Severi
1313 1562 1343 1604 f.
1375 1561 1615 1618 despondet
1645 1561 1749 1605 Dio
1766 1566 1830 1614 75,
1862 1566 1928 1615 15,

198 1634 380 1678 collocat
409 1650 448 1678 a.
477 1635 562 1677 202
586 1633 676 1676 Dio
708 1637 772 1684 76,
802 1636 829 1675 1
859 1634 914 1687 cf.
944 1634 1017 1675 vit.
1049 1632 1189 1675 Sever.
1222 1635 1276 1674 14
1286 1645 1299 1683 ,·
1326 1631 1486 1674 Herod.
1516 1634 1556 1682 3,
1583 1634 1650 1682 10,
1671 1633 1711 1674 5.
1770 1631 1929 1674 Neces-

198 1705 337 1747 sarius
366 1703 431 1746 vel
459 1702 615 1745 adfinis
644 1701 944 1757 Augustorum
973 1704 1003 1744 t.
1024 1704 1063 1743 1.
1085 1704 1130 1745 2.
1150 1704 1190 1743 3.
1211 1703 1278 1745 14.
1298 1703 1364 1743 15.
1386 1703 1454 1743 19.
1506 1699 1712 1743 Pontifex
1742 1705 1770 1743 t.
1792 1703 1846 1742 14
1866 1702 1930 1757 (in

195 1787 278 1827 quo
306 1771 429 1815 titulo
457 1771 644 1814 nondum
670 1770 827 1814 dicitur
856 1769 1030 1825 consul).
1072 1769 1234 1813 Consul
1254 1769 1342 1811 ord.
1365 1784 1404 1813 a.
1421 1770 1506 1812 203
1527 1784 1624 1811 cum
1646 1769 1696 1812 P.
1719 1769 1928 1826 Septimio

197 1841 311 1886 Geta
346 1840 474 1895 fasti,
515 1839 656 1882 dictus
687 1854 773 1882 cos.
805 1839 850 1882 Π
883 1845 1061 1896 propter
1101 1845 1355 1881 ornamenta
1384 1837 1629 1880 consularia
1657 1837 1746 1881 Dio
1777 1843 1844 1890 46,
1874 1843 1928 1882 46

198 1911 253 1964 ef.
284 1910 394 1964 fasti
419 1909 474 1963 (c.
505 1924 547 1951 V.
578 1922 664 1951 cos,
685 1909 731 1951 H
760 1908 923 1964 tequlae
950 1910 1080 1959 5-13,
1112 1909 1170 1955 δὶς
1203 1909 1349 1954 ὕπατος
1379 1910 1406 1951 t.
1429 1907 1487 1961 4).
1538 1907 1727 1950 Severus
1758 1909 1797 1950 ei
1827 1907 1927 1951 alie-

196 1985 323 2022 natus
356 1979 604 2035 ‘praecipue
633 1977 751 2034 quod
781 1978 894 2020 inter
924 1977 1266 2034 propinquorum
1296 1982 1338 2018 et
1368 1975 1576 2018 adfinium
1608 1975 1761 2019 Severi
1797 1978 1924 2020 simu-

195 2043 316 2090 lacra
343 2062 467 2089 suam
496 2052 682 2089 statuam
711 2045 783 2088 ille
813 2047 1056 2103 posuisset‘,
1089 2045 1164 2088 sed
1184 2060 1288 2088 mox
1309 2060 1408 2088 cum
1428 2059 1478 2086 eo
1509 2045 1554 2087 in
1581 2046 1768 2099 gratiam
1797 2046 1927 2088 rediit

195 2117 267 2159 vit.
290 2114 438 2160 Severi
455 2119 531 2167 14,·
552 2115 641 2158 Dio
663 2117 728 2166 75,
752 2118 819 2159 16.
850 2115 1019 2170 Postea,
1042 2129 1155 2157 anno
1177 2114 1370 2156 nondum
1389 2114 1615 2156 interiecto
1637 2113 1742 2169 (Dio
1759 2117 1824 2165 75,
1842 2114 1924 2169 16),

196 2184 470 2228 insimulatus
499 2184 679 2227 insidias
710 2185 919 2227 struxisse
941 2185 1103 2228 Severo
1133 2191 1176 2227 et
1195 2183 1418 2226 Antonino
1450 2184 1494 2225 in
1516 2182 1682 2225 Palatio
1714 2182 1927 2225 occiditur

194 2254 286 2297 Dio
299 2257 364 2305 76,
384 2258 501 2305 2—4,·
520 2253 680 2298 Herod.
700 2256 741 2304 3,
762 2257 827 2304 11,
850 2257 991 2296 4—-e,
1003 2256 1074 2304 12,
1095 2256 1176 2304 12,·
1195 2252 1452 2294 Ammianus
1469 2254 1540 2302 25,
1562 2255 1599 2306 6,
1621 2254 1673 2302 8;
1701 2254 1772 2302 29,
1795 2255 1833 2302 1,
1856 2255 1922 2302 17,

194 2323 236 2366 (1.
267 2324 322 2366 22
352 2323 444 2365 Ian.
474 2323 559 2366 203
589 2321 731 2365 chron.
762 2322 972 2364 Paschale
995 2337 1042 2376 p.
1068 2325 1151 2364 496
1181 2321 1317 2364 Dind.
1350 2319 1417 2373 (de
1448 2334 1561 2363 anno
1590 2321 1683 2363 iure
1713 2320 1925 2363 dubitavit

194 2392 419 2435 Bormann
440 2390 541 2435 bull.
563 2390 658 2433 dell'
678 2391 786 2435 Inst.
807 2393 920 2433 1867
936 2405 986 2445 p.
1007 2390 1124 2445 218),
1155 2391 1284 2432 immo
1316 2396 1415 2446 post
1434 2389 1476 2431 d.
1498 2390 1567 2431 XI
1587 2389 1673 2431 kal.
1700 2389 1818 2445 Sept.
1840 2390 1924 2431 203

141 2470 145 2473 '
195 2461 249 2515 cf.
282 2460 406 2503 VIII
425 2461 551 2510 2557,
592 2459 669 2501 sed
707 2466 807 2502 ante
847 2459 888 2502 d.
932 2460 987 2503 28
1022 2459 1125 2503 Mai.
1158 2460 1253 2514 205,
1296 2473 1382 2515 quo
1422 2458 1492 2500 die
1531 2472 1801 2500 successores
1832 2458 1924 2500 eius

194 2530 280 2571 iam
323 2528 642 2585 praefecturam
685 2529 893 2585 praetorii
937 2533 1216 2584 susceperant
1253 2527 1322 2570 VI
1342 2530 1445 2571 228.
1516 2525 1683 2579 (Etiam
1726 2527 1773 2568 in
1817 2528 1924 2569 actis

195 2597 389 2640 ludorum
419 2597 704 2639 saecularium
734 2597 841 2639 anni
866 2600 954 2640 204
982 2598 1232 2640 mentionem
1258 2596 1538 2651 honorificam
1559 2596 1776 2651 praefecti
1792 2611 1923 2650 prae-

194 2666 304 2708 torio
322 2680 409 2708 non
430 2665 489 2708 ad
507 2666 639 2708 alium
659 2667 746 2709 nisi
763 2666 822 2709 ad
842 2666 1126 2709 Plautianum
1147 2679 1274 2721 posse
1294 2666 1511 2720 pertinere
1531 2668 1662 2720 putat
1687 2664 1923 2707 Mommsen

186 2734 285 2794 eph.
318 2749 381 2789 ep.
412 2737 441 2776 8
470 2749 518 2790 p.
549 2734 667 2790 295).
727 2734 895 2791 Corpus
930 2736 1022 2777 eius
1052 2736 1096 2777 in
1126 2735 1243 2776 viam
1269 2736 1531 2791 proiectum,
1563 2734 1639 2776 sed
1669 2745 1773 2776 mox
1802 2735 1922 2776 iussu

195 2802 346 2846 Severi
377 2802 593 2859 sepultum
622 2803 711 2846 Dio
743 2807 807 2855 76,
837 2808 877 2846 4.
936 2803 1005 2846 De
1032 2804 1199 2846 nomine
1229 2804 1318 2846 eius
1348 2816 1469 2846 eraso
1504 2803 1560 2856 ef.
1590 2817 1735 2857 supra.
1797 2802 1920 2846 Com-

192 2878 456 2914 memoratur
475 2871 564 2915 Dio
586 2875 651 2923 76,
675 2875 703 2915 7
709 2886 723 2924 ;
749 2875 814 2924 78,
836 2876 913 2924 11,·
942 2872 1218 2916 Herodianus
1235 2875 1274 2923 3,
1297 2875 1362 2922 13,
1383 2875 1438 2923 2,·
1466 2872 1538 2914 vit.
1567 2870 1722 2915 Carae.
1743 2875 1780 2922 1,
1804 2875 1842 2913 7.
1867 2898 1918 2902 ——

193 2940 455 2983 Procurator
483 2940 539 2983 ad
568 2940 683 2983 bona
714 2939 932 2983 Plautiani
963 2941 1196 2996 (interfecti
1227 2946 1270 2983 et
1299 2940 1538 2995 confiscati)
1568 2940 1658 2982 III
1678 2943 1798 2982 1464.

107 3019 192 3062 380
222 3018 441 3074 (Fulvius)
462 3020 660 3063 Plautius
681 3019 896 3075 (Plautius
916 3020 1005 3063 Dio
1031 3024 1096 3072 76,
1118 3024 1144 3063 6
1154 3034 1168 3072 ,·
1198 3024 1264 3071 77,
1286 3023 1336 3072 1,·
1368 3020 1641 3063 Herodianus
1662 3034 1812 3062 nomen
1830 3034 1917 3062 non

192 3089 337 3143 ponit)
366 3087 416 3133 C.
446 3088 592 3131 Fulvii
622 3089 842 3132 Plautiani
880 3089 1016 3144 filius,
1052 3089 1277 3132 interfecto
1315 3094 1438 3145 patre
1468 3089 1674 3145 Liparam
1702 3088 1918 3143 relegatus

191 3155 281 3199 Dio
302 3159 367 3207 76,
389 3160 416 3199 6
423 3170 437 3208 ,·
466 3157 742 3200 Herodianus
759 3161 799 3209 3,
821 3161 886 3210 13,
904 3161 933 3201 3
951 3173 1038 3213 pro
1068 3158 1236 3213 Lipara
1265 3157 1424 3200 habens
1454 3157 1664 3201 Siediam.
1724 3156 1765 3198 A
1788 3156 1916 3199 Cara-

192 3223 303 3267 calla
337 3226 502 3268 occisus
531 3225 621 3269 Dio
642 3230 707 3278 77,
728 3230 769 3269 1.
1270 3258 1272 3260 ·

119 3317 179 3322 —
222 3291 277 3345 Q.
308 3291 476 3335 Gavius
503 3293 686 3336 Fulvius
717 3293 940 3339 Proculus.

174 3364 455 3401 Prosopographi·
472 3365 555 3402 1mp.
573 3366 665 3395 Rom.
700 3366 748 3396 11.
1622 3362 1641 3395 7
