2202 3724
126 308 292 347 rvmvs
994 302 1075 346 167
1764 306 1930 345 IVLIVS

217 441 315 484 dam
341 445 475 496 poeta
512 440 834 484 Alexandrinus
873 439 1080 482 dedicavit
1116 438 1249 481 libros
1285 439 1577 496 ὑπομνημάτων
1617 438 1878 494 (Athenaeus
1905 439 1934 478 8

214 525 263 566 p.
282 513 388 553 350⁶
411 510 465 565 cf.
485 513 540 552 10
559 524 608 564 p.
629 511 766 565 425⁶).

134 580 215 622 100
243 579 449 633 lvmvs)
478 583 729 620 ANTONIVS
762 582 1016 618 SELEVCVS
1055 574 1223 631 legatus
1254 575 1446 618 Moesiae
1480 575 1697 618 inferioris
1726 574 1809 617 sub
1839 573 1939 616 Ela-

214 646 372 702 gabalo
391 647 554 689 nummi
574 644 1094 699 Marcianopolitanorum
1119 657 1212 686 eum
1233 644 1445 698 capitibus
1462 644 1527 686 vel
1545 644 1592 687 E
1599 643 1793 699 layabali
1809 643 1940 686 solius

216 714 432 768 (Mionnet
453 714 500 758 S.
512 715 574 757 II
586 717 652 765 93,
674 717 759 757 230
779 727 874 767 seq„
908 712 1024 756 Mus.
1047 712 1192 754 Berol.
1214 715 1295 756 cat.
1316 726 1472 754 numm.
1490 713 1524 754 I
1533 727 1581 766 p.
1592 715 1657 763 63,
1677 715 1856 763 37—64‚
1871 715 1940 762 40,

217 783 340 838 alibi)
363 783 427 826 vel
450 782 697 838 Elaqabali
716 785 754 824 et
776 781 957 824 Maesae
977 781 1192 836 (Mionnet
1213 780 1260 825 S.
1272 781 1334 823 II
1346 784 1414 831 99,
1430 784 1515 824 264
1529 794 1626 834 seq„
1660 780 1778 823 Mus.
1795 779 1941 822 Berol.

217 852 343 896 catal.
373 866 528 895 numm.
552 866 600 906 p.
622 854 687 901 64,
717 852 918 900 43—65,
948 852 1020 900 46,
1062 849 1185 904 alibi)
1222 848 1286 891 vel
1322 848 1569 903 Elayabali
1606 851 1646 891 et
1675 847 1944 891 Soaemiadis

217 920 376 973 (Revue
403 934 515 962 num.
549 919 662 974 belqe
691 919 780 961 III
801 920 909 961 1865
939 918 1024 960 tab.
1057 920 1123 967 17,
1154 920 1180 959 6
1190 930 1204 968 ,·
1243 916 1385 959 Revue
1413 931 1528 961 num.
1561 919 1670 958 1893
1700 932 1749 971 p.
1773 920 1841 967 72,
1876 916 1945 971 16)

215 989 413 1043 inseripti
430 990 495 1032 ὑπ.
517 987 633 1031 Ἰουλ.
651 986 862 1031 Ἀντωνίου
882 986 945 1029 vel
965 985 1069 1030 Ἀντ.
1092 985 1304 1029 Σελεύκου.
1343 984 1410 1039 Of.
1427 984 1536 1027 Piek
1558 985 1731 1029 Wener
1749 985 1942 1027 numism.

218 1056 423 1100 Zeitsehr.
444 1059 503 1101 23
521 1071 570 1111 p.
591 1058 659 1100 38.

135 1138 213 1181 101
245 1137 384 1180 Iulius
413 1135 592 1193 Apella:
623 1135 679 1178 ad
710 1150 808 1178 eum
838 1136 1160 1191 rescripserunt
1178 1133 1439 1177 Valerianus
1464 1133 1693 1178 Gallienus
1716 1132 1947 1177 Saloninus

217 1206 307 1249 III
311 1209 407 1249 412.
427 1205 641 1248 Incertum
662 1205 781 1246 ouius
802 1204 964 1246 ordinis
984 1203 1105 1246 homo
1127 1204 1240 1257 (ἴδιος
1257 1203 1501 1258 appellatur
1517 1203 1570 1245 ab
1586 1201 1948 1257 imperatoribus).

137 1287 217 1329 102
247 1293 291 1330 L.
313 1292 480 1328 IVLrvs
503 1290 753 1327 APRONIVS
775 1290 1002 1326 MAENIVS
1026 1289 1297 1325 AVITIANVS
1321 1282 1586 1325 clarissimus
1607 1297 1728 1338 puer,
1751 1281 1886 1324 frater
1905 1288 1954 1324 ut

219 1354 394 1397 videtur
423 1354 658 1396 Luciorum
688 1352 901 1395 Iuliorum
921 1351 1214 1408 Aproniorum
1239 1351 1402 1393 Maeuii
1435 1351 1503 1393 Pii
1535 1358 1577 1393 et
1602 1350 1803 1393 Maeuiae
1834 1349 1951 1393 Sala-

221 1421 436 1465 malliadis
459 1429 502 1464 et
518 1421 704 1465 Alfenae
725 1421 1008 1478 Agrippinae,
1040 1419 1154 1462 filius
1184 1419 1366 1462 fortasse
1389 1419 1441 1462 L.
1462 1419 1562 1462 Iulii
1583 1418 1770 1475 Apronii
1790 1419 1954 1461 Maeuii

221 1493 289 1535 Pii
321 1490 631 1535 Salamalliani.
649 1493 677 1532 t.
698 1490 1056 1532 Lambaesitanus
1086 1488 1176 1543 eph.
1200 1503 1263 1543 ep.
1287 1492 1324 1539 7,
1345 1491 1430 1531 396
1450 1508 1506 1523 =
1527 1487 1650 1530 VIII
1664 1487 1712 1531 S.
1733 1489 1887 1531 18271.

138 1572 220 1614 103
249 1579 293 1616 L.
316 1578 482 1613 IVLIVS
503 1577 753 1613 APRONIVS
778 1576 1005 1612 MAENIVS
1026 1575 1134 1611 PIVS
1169 1568 1435 1610 clarissimus
1465 1582 1586 1624 puer,
1610 1567 1743 1610 frater
1766 1568 1860 1610 eius
1880 1568 1955 1624 qui

221 1639 451 1697 praecedit,
483 1639 599 1682 filius
629 1639 812 1681 fortasse
841 1639 934 1681 eius
970 1638 1045 1694 qui
1085 1639 1281 1694 sequitur
1312 1640 1339 1679 t.
1371 1636 1732 1679 Lambaesitanus
1764 1636 1855 1691 eph.
1888 1650 1950 1690 ep.

223 1712 261 1759 7,
282 1711 365 1751 396
394 1728 451 1743 =
481 1707 604 1750 VIII
627 1707 674 1751 S.
701 1710 855 1750 18271.

139 1789 222 1832 104
250 1795 295 1830 L.
336 1788 541 1842 IVL(IVS)
579 1793 828 1829 APRONIVS
872 1792 1098 1829 MAENIVS
1144 1791 1252 1828 PIVS
1301 1790 1743 1827 SALAMALLIANVS.
1810 1782 1956 1833 Tituli,

225 1856 446 1900 Numidici
475 1869 634 1899 omnes:
674 1855 797 1898 VIII
807 1857 924 1899 8782
952 1856 1036 1911 (1)‚·
1076 1854 1189 1909 Eph.
1223 1869 1286 1909 ep.
1313 1856 1353 1904 5,
1386 1856 1467 1896 669
1498 1851 1576 1907 (2),
1608 1853 1666 1895 ib.
1699 1855 1737 1903 7,
1768 1854 1850 1894 395
1881 1852 1954 1907 (3),

224 1928 306 1968 793
335 1925 407 1980 (4).
470 1924 636 1967 Nomen
665 1924 840 1978 plenum
879 1924 942 1979 (ut
972 1926 1012 1965 et
1040 1936 1208 1966 cursum
1236 1921 1459 1976 honorum)
1497 1921 1613 1964 solus
1653 1920 1818 1963 exhibet
1855 1924 1883 1964 t.
1916 1923 1956 1970 3,

224 1994 276 2036 L.
306 1993 526 2050 Apronius
557 1993 660 2035 Pius
692 1996 720 2034 t.
741 1996 785 2036 2.
808 1995 846 2042 4,
883 2025 892 2034 .
911 2025 920 2034 .
938 1991 1150 2048 pron[i]us
1181 2024 1191 2034 .
1211 2006 1288 2034 .us
1319 1994 1348 2035 t.
1370 1994 1410 2032 1.
1457 1989 1682 2032 Tribunus
1712 1987 1961 2031 laticlavius

129 2078 139 2079 ’
224 2062 406 2118 legionis
435 2062 480 2104 X
510 2061 735 2115 Geminae,
769 2060 963 2103 adlectus
993 2062 1108 2103 inter
1138 2075 1208 2117 qq.
1241 2061 1316 2114 (=
1346 2059 1647 2116 quaestorios),
1684 2058 1957 2114 praepositus

225 2132 333 2174 actis
363 2137 558 2185 senatus,
590 2129 744 2172 aedilis
780 2129 962 2183 curulis,
994 2136 1180 2185 praetor,
1213 2128 1384 2183 legatus
1414 2127 1604 2182 Augusti
1635 2127 1732 2168 vice
1762 2126 1959 2182 quinque

226 2198 408 2242 fascium
446 2199 695 2255 provinciae
724 2197 949 2253 Belgicae,
991 2197 1164 2252 legatus
1205 2196 1389 2251 legionis
1424 2196 1447 2238 Ι
1486 2195 1752 2248 Adiutricis,
1793 2193 1963 2248 legatus

225 2267 341 2323 Aug.
371 2283 447 2324 pro
479 2274 678 2324 praetore
707 2267 962 2323 provinciae
993 2265 1228 2321 Ga[la]tiae
1268 2268 1296 2307 t.
1327 2267 1367 2307 3.
1427 2264 1621 2319 Legatus
1654 2262 1843 2317 Augusti
1883 2276 1960 2318 pro

229 2343 427 2393 praetore
446 2335 712 2391 (Numidiae)
734 2338 763 2377 t.
782 2338 810 2377 4
845 2335 899 2389 ef.
923 2338 952 2377 t.
973 2338 1017 2377 1.·
1034 2338 1078 2385 2,
1102 2333 1366 2376 clarissimus
1387 2333 1457 2375 vir
1477 2336 1505 2375 t.
1526 2336 1576 2384 4‚·
1605 2331 1745 2374 eodem
1767 2330 1963 2373 videntur

229 2408 418 2460 spectare
445 2404 575 2447 verba
600 2403 744 2446 lacera
763 2404 809 2446 in
830 2403 914 2458 fine
935 2403 1052 2445 tituli
1068 2406 1119 2445 3.·
1149 2403 1251 2444 item
1272 2401 1372 2456 l[eg.
1392 2401 1507 2455 Aug.
1519 2400 1556 2455 ‘?]
1580 2416 1644 2457 pr.
1667 2415 1732 2456 pr.
1754 2414 1791 2441 c.
1813 2414 1865 2441 V.
1879 2431 1912 2441 ..
1926 2431 1935 2440 .
1950 2431 1959 2440 .

230 2472 434 2528 (sequitur
459 2475 647 2527 rasura).
697 2471 860 2515 Consul
891 2471 1143 2526 designatus
1177 2474 1205 2513 t.
1226 2474 1266 2513 4.
1323 2470 1538 2512 Patronus
1569 2467 1836 2511 coloniarum
1868 2466 1961 2510 Cir-

229 2543 416 2585 tensium
446 2544 474 2586 t.
500 2544 540 2583 4.
598 2540 733 2583 Pater
753 2543 861 2595 puto
888 2540 940 2582 L.
972 2539 1081 2582 Iulii
1108 2539 1301 2594 Apronii
1331 2537 1501 2580 Maenii
1529 2536 1740 2587 Avitiani,
1772 2537 1822 2580 L.
1854 2535 1964 2578 Iulii

139 2629 144 2632 ·
229 2610 419 2666 Apronii
456 2609 628 2652 Maenii
671 2608 767 2661 Pii,
814 2608 956 2651 Iuliae
997 2607 1219 2663 Aproniae
1258 2606 1444 2660 Alfenae
1483 2605 1778 2660 Aqrippinae,
1820 2603 1963 2646 Iuliae

229 2679 451 2735 Aproniae
482 2677 686 2721 Maeniae
717 2676 1045 2721 Salamalliadis
1076 2676 1147 2732 (ef.
1168 2676 1245 2718 sub
1275 2675 1373 2728 his).
1406 2699 1458 2704 —
1490 2674 1697 2728 Leyatum
1729 2672 1962 2715 Numidiae

232 2749 363 2803 fuisse
392 2761 485 2790 eum
513 2746 649 2789 medio
676 2746 765 2800 fere
794 2747 918 2789 tertio
940 2760 988 2800 p.
1017 2745 1118 2788 Chr.
1149 2743 1315 2786 saeculo
1343 2757 1393 2786 ex
1423 2746 1452 2785 t.
1483 2746 1528 2793 2,
1556 2755 1637 2796 quo
1667 2741 1962 2784 continebatur

232 2816 411 2860 edietum
439 2815 550 2866 eiuS,
589 2817 698 2857 reete
735 2814 899 2870 collegit
928 2813 1214 2864 Schmidtius,
1256 2812 1419 2868 leyatus
1449 2811 1535 2865 fuit
1566 2825 1606 2853 a.
1636 2813 1739 2861 242,
1779 2810 1819 2852 si
1854 2812 1964 2851 reete

233 2885 409 2928 coniecit
447 2883 578 2926 Palla
621 2883 670 2925 de
709 2883 878 2926 Lessert
917 2881 1067 2937 (fastes
1107 2881 1156 2924 de
1196 2881 1240 2924 la
1288 2880 1416 2924 Num.
1447 2894 1498 2934 p.
1528 2878 1625 2930 149)
1666 2878 1841 2921 eundem
1878 2890 1963 2919 esse

235 2953 396 2996 Iulium
415 2952 480 2995 A.
577 2952 725 3007 (supra
742 2965 785 2994 n.
804 2950 871 3006 76)
900 2954 1175 2994 memoratum
1198 2951 1246 2992 in
1266 2949 1402 2992 titulis
1433 2947 1557 2991 VIII
1571 2947 1618 2991 S.
1637 2949 1787 2990 17988.
1810 2948 1961 2988 17989.

152 3033 233 3078 105
262 3032 401 3076 Iulius
430 3031 593 3089 Aquila
622 3030 795 3086 (Gallus
824 3030 986 3088 Aquila
1017 3030 1145 3073 index
1174 3029 1296 3084 Dz‘y„
1338 3042 1481 3071 errore
1518 3030 1567 3070 ut
1599 3026 1782 3080 videtur)
1813 3031 1966 3067 auctor

239 3102 369 3145 iuris:
407 3100 519 3143 liber
556 3114 860 3156 responsorum
899 3100 991 3142 eius
1028 3098 1130 3154 Diq.
1160 3102 1231 3149 26,
1264 3101 1303 3149 7,
1332 3100 1409 3149 34;
1447 3099 1519 3147 26,
1552 3099 1617 3146 10,
1650 3098 1709 3138 12
1747 3095 1803 3148 ef.
1838 3092 1965 3135 index

238 3169 492 3225 digestorum
520 3168 717 3211 Florent.

154 3245 236 3288 106
265 3243 402 3286 Iulius
431 3242 606 3300 Aquila,
636 3244 713 3301 qui
742 3242 796 3285 de
815 3242 1003 3285 Etrusca
1030 3240 1260 3298 disciplina
1290 3240 1472 3297 scripsit,
1504 3246 1653 3281 auctor
1684 3236 1814 3280 Plinii
1834 3234 1961 3278 Plin.

238 3312 555 3363 kwss2fl.

153 3387 237 3433 107
267 3386 321 3431 O.
347 3385 487 3429 Iulius
513 3385 678 3443 Aquila
713 3386 791 3443 (sie
824 3388 857 3428 t.
884 3384 1227 3439 Alexandrinus,
1252 3378 1427 3430 Ἀκύλας
1455 3379 1675 3435 Iosephus)
1711 3379 1961 3436 praefectus
