2190 3724
277 300 457 335 GAVIVS
1138 291 1156 334 1
1168 291 1218 334 12
1896 298 2078 336 GAVIVS

360 446 459 474 num
488 430 575 485 ijose
597 431 830 483 praecepta
858 428 960 470 haee
990 428 1143 471 litteris
1173 428 1337 471 tradita
1365 428 1593 483 reliquerit,
1627 428 1823 482 dubium;
1862 433 1969 473 certe
1997 444 2082 474 non

363 500 415 541 al)
446 499 522 540 hoe
553 497 771 551 compositi
798 499 896 538 sunt
923 495 1060 538 Caelii
1082 496 1232 552 Apicii
1261 496 1310 539 de
1339 511 1385 539 re
1416 497 1666 551 coquinaria
1696 497 1798 540 libri
1824 499 1895 553 qui
1925 502 2080 542 eoetant.

364 567 602 622 ‘Coquinae
639 571 892 621 apparatum
922 564 1103 621 Apicius
1134 565 1310 621 quidam
1348 566 1511 621 primus
1546 567 1799 622 composuit’
1832 567 1988 611 Isidor.
2021 581 2080 611 or.

361 639 431 685 20,
454 639 491 685 1,
514 637 551 677 1.
603 634 653 675 L.
677 633 825 675 Aelius
852 632 1013 684 Caesar
1047 633 1210 676 ‘Ovidii
1241 634 1297 676 ab
1329 633 1425 676 aliis
1453 633 1600 688 relata,
1631 634 1746 676 idem
1775 633 1919 691 Apicii
1948 634 2080 677 libros

359 717 551 744 amorum
583 703 627 743 in
656 701 765 743 lecto
799 716 968 757 semper
987 701 1152 744 habuit’
1175 702 1249 746 vit.
1265 701 1384 744 Aelii
1397 705 1435 752 5,
1454 705 1479 745 9
1501 702 1592 758 (ubi
1612 702 1745 745 locum
1764 703 1928 745 videtur
1946 705 2082 745 muta-

357 773 461 813 visse
501 770 710 813 voeabula
748 770 890 813 Ovidii
928 774 967 813 et
1005 770 1183 825 Apicii).
1255 770 1451 827 ‘Apicius
1491 777 1641 813 auctor
1679 771 2081 828 praecipiendamm

359 854 585 891 cenarum,
627 840 701 895 qui
741 839 913 895 scripsit
951 838 1006 880 de
1045 838 1246 881 iuscellis'
1289 839 1415 883 schol.
1447 839 1506 882 ad
1531 839 1623 882 Iuv.
1654 843 1734 884 sat.
1765 843 1805 890 4,
1834 843 1905 884 23.
1968 840 2082 882 Eum

357 909 516 950 imitari
551 907 717 950 studuit
750 906 1014 962 Elagabalus
1047 908 1118 951 vit.
1155 907 1289 962 Elay.
1328 910 1394 958 18,
1429 911 1479 959 4;
1515 911 1586 958 20,
1621 909 1671 959 5,·
1705 911 1775 958 24,
1810 910 1849 952 3.
1913 908 2081 950 Nomen

356 977 532 1033 ponitur
552 975 607 1018 ad
628 976 822 1018 homines
842 975 1016 1030 gulosos
1032 975 1103 1018 vel
1119 975 1324 1018 delicatos
1345 975 1648 1030 significandos
1666 976 1868 1020 Martial.
1884 979 1928 1027 2,
1946 979 2012 1027 69,
2032 979 2082 1028 3‚·

354 1049 397 1095 2,
414 1047 482 1095 89,
500 1047 527 1087 5
537 1058 550 1096 ;
569 1047 636 1095 10,
656 1047 719 1095 73,
735 1047 786 1095 3;
806 1044 994 1088 Juvenal.
1012 1047 1077 1095 11,
1092 1047 1143 1096 3;
1167 1043 1415 1087 Tertullian.
1439 1043 1488 1086 de
1499 1044 1643 1098 pallio
1661 1046 1700 1095 5,
1724 1044 1774 1086 de
1792 1044 1920 1088 ieiun.
1938 1047 2008 1088 12.
2027 1069 2080 1075 -

357 1112 483 1156 Alius
512 1112 692 1169 Apicius
723 1114 796 1168 qui
822 1113 935 1155 Vixit
966 1112 1045 1155 sub
1064 1113 1252 1155 Traiano
1282 1118 1544 1155 memoratur
1563 1112 1807 1155 Athenaeus
1827 1113 1862 1155 I
1875 1127 1923 1167 Ρ.
1947 1115 1975 1154 7
1979 1111 2010 1157 ἀ.

270 1182 326 1225 54
355 1188 407 1224 M.
440 1188 621 1223 GAVIVS
661 1187 903 1223 APPALIVS
944 1187 1175 1223 MAXIMVS
1216 1182 1266 1224 T.
1298 1181 1350 1235 f.,
1395 1180 1515 1223 tribu
1545 1180 1663 1236 Vel„
1706 1180 1968 1223 clarissimus
1997 1180 2078 1234 vir,

357 1255 558 1307 quaestor
587 1248 723 1305 Aug.,
765 1249 931 1304 legatus
971 1250 1222 1306 provinciae
1260 1249 1576 1304 Narbonensisz,
1616 1248 1772 1291 sodalis
1802 1248 2080 1291 Hadrianalis

356 1323 383 1363 t.
431 1318 698 1362 Tusculanus
732 1318 858 1360 XIV
878 1321 1004 1361 2607.
1066 1318 1298 1361 Parentela
1333 1318 1498 1360 videtur
1537 1318 1668 1371 fuisse
1706 1317 1950 1360 coniunctus
1988 1330 2081 1358 eum

356 1388 422 1431 M.
462 1387 600 1430 Gavio
631 1387 827 1429 Maximo
867 1390 907 1429 et
945 1401 1038 1429 eum
1081 1387 1126 1430 Τ.
1157 1386 1348 1442 Appulio
1378 1385 1526 1441 Alfino
1564 1385 1781 1437 Seouncl0,·
1808 1386 1991 1439 fortasse
2029 1398 2081 1427 ex

354 1457 430 1498 hoe
456 1456 622 1511 yenitus
653 1456 706 1498 ab
737 1455 812 1497 illo
841 1456 986 1509 fuerat
1012 1455 1251 1510 adoptatus.

271 1526 325 1568 55
358 1525 523 1569 Gavius
551 1524 712 1566 Bassus
744 1523 929 1579 (Gavius
956 1524 1111 1578 Quint„
1145 1524 1280 1568 Gaius
1311 1524 1472 1566 Bassus
1497 1523 1642 1578 Djolus
1671 1522 1721 1565 cle
1748 1521 1907 1588 mens),
1939 1535 2079 1576 gram-

357 1594 550 1647 maticus,
584 1593 739 1635 citatus
770 1607 796 1634 a
821 1592 1084 1646 Quintiliano
1104 1593 1201 1637 inst.
1226 1595 1265 1643 1,
1288 1595 1325 1643 6,
1346 1595 1412 1642 36,
1442 1591 1660 1634 adhibitus
1690 1607 1716 1634 a
1743 1590 1884 1634 Gellio
1902 1594 1945 1641 2,
1966 1593 2006 1641 4,
2026 1592 2077 1642 3,·

351 1667 391 1714 3,
414 1666 464 1713 9,·
491 1665 529 1712 3,
551 1664 617 1712 18,
638 1664 688 1712 3,·
715 1664 755 1712 3,
777 1664 844 1712 19,
865 1664 914 1712 1,·
942 1663 982 1712 5,
1006 1664 1053 1712 7,·
1081 1664 1146 1711 11,
1169 1664 1234 1712 17,
1256 1665 1306 1712 4,·
1338 1661 1534 1704 Maerob.
1565 1663 1604 1711 3,
1627 1662 1692 1710 18,
1714 1663 1757 1703 2.
1818 1658 1954 1702 Liber
1986 1659 2078 1701 eius

353 1731 407 1774 de
438 1730 519 1772 diis
551 1730 747 1772 Maorob.
781 1732 861 1772 sat.
889 1733 927 1780 1,
959 1732 998 1780 9,
1030 1732 1084 1772 13
1113 1730 1167 1783 of.
1198 1732 1237 1780 3,
1266 1733 1304 1780 6,
1327 1732 1383 1772 17
1391 1743 1404 1781 ,·
1443 1729 1699 1771 Lactantius
1729 1729 1826 1770 inst.
1852 1731 1892 1779 1,
1922 1731 1997 1778 22,
2029 1730 2055 1770 9
2065 1740 2080 1779 ;

354 1800 499 1854 Lydus
539 1798 588 1841 de
624 1812 750 1843 mens.
788 1802 836 1849 4,
868 1802 900 1842 2
932 1813 981 1853 p.
1005 1800 1064 1841 52
1101 1797 1275 1841 Becker.
1344 1798 1518 1841 Videtur
1556 1797 1708 1840 vixisse
1742 1797 1858 1839 eirea
1897 1799 2077 1839 aetatem

351 1868 549 1922 Auyusti,
582 1868 637 1920 ef.
667 1866 776 1912 Gell.
797 1870 836 1918 3,
859 1870 899 1918 9,
920 1869 960 1911 8.

268 1938 323 1980 56
354 1937 519 1981 Gavius
550 1936 722 1989 Bassus,
754 1935 995 1991 praefectus
1025 1950 1126 1978 orae
1156 1936 1362 1978 Ponticae
1392 1934 1514 1979 Plin.
1543 1934 1601 1977 ad
1624 1934 1746 1978 Trai.
1767 1937 1837 1978 21.
1858 1936 1933 1977 22.
1953 1935 2019 1977 86.

269 2007 322 2049 57
354 2011 535 2047 GAVIVS
569 2010 772 2058 CLARVS,
806 2010 988 2058 senator,
1020 2003 1202 2046 modicis
1224 2003 1390 2060 opibus.
1434 2003 1700 2045 Frontonem
1721 2018 1747 2045 a
1766 2003 1908 2058 prima
1937 2006 2078 2043 aetate

354 2073 543 2116 studiose
574 2071 718 2114 coluit.
769 2072 992 2127 Quaestor,
1026 2071 1188 2116 aedilis.
1245 2072 1482 2114 Praeturae
1512 2077 1732 2127 sumptum
1763 2072 1802 2112 ei
1831 2069 2076 2113 Antoninus

353 2143 458 2185 Pius
498 2141 552 2182 de
591 2141 694 2183 fisco
735 2141 953 2197 expendit.
1020 2141 1136 2183 Vero
1176 2140 1372 2195 Augusto
1421 2139 1743 2182 commendatus
1786 2154 1812 2182 a
1856 2139 2077 2181 Frontone

353 2211 518 2252 Fronto
550 2209 607 2251 ad
637 2209 787 2251 Verum
816 2210 876 2251 II
899 2212 992 2264 71⁹·
1015 2211 1232 2252 133—135
1266 2208 1380 2251 Nab.
1413 2206 1478 2263 (p.
1503 2206 1627 2251 13819
1660 2207 1805 2262 Mai).

269 2281 323 2323 58
355 2279 407 2332 Ω.
431 2278 596 2321 Gravius
617 2277 801 2319 Fulvius
823 2277 1043 2332 Proculus,
1068 2277 1121 2330 Ω.
1143 2276 1186 2332 f.,
1209 2277 1263 2330 Ω.
1285 2291 1430 2333 nePOS,
1463 2276 1516 2330 Ω.
1538 2290 1763 2333 pronepos,
1796 2275 1850 2329 Ω.
1873 2274 2075 2330 abnepos,

353 2347 406 2400 Ω,
429 2346 631 2402 adnepos,
664 2345 779 2388 tribu
804 2345 897 2388 Fal.
930 2346 1115 2401 (origine
1147 2345 1400 2400 Caiatinus),
1434 2344 1634 2387 tribunus
1665 2343 1852 2387 cohortis
1882 2343 2075 2399 quintae-

353 2415 544 2457 decimae
575 2414 932 2468 voluntariorum,
965 2414 1162 2457 tribunus
1183 2413 1365 2469 legionis
1392 2419 1570 2456 octavae
1590 2412 1838 2468 Augustae3
1869 2418 2075 2468 patronus

353 2483 647 2531 Caiatinorum
678 2482 727 2524 X
751 2484 872 2526 4579.
923 2482 1128 2525 Fortasse
1157 2483 1307 2536 frater,
1340 2485 1449 2524 certe
1477 2482 1627 2536 affinis
1656 2481 1744 2524 eius
1773 2481 1848 2535 qui
1874 2480 2073 2534 sequitur.

267 2553 322 2594 59
353 2559 395 2602 o„
429 2558 608 2593 GAVIVS
638 2557 851 2593 FVLVIVS
883 2557 1256 2605 TRANQVILLVS,
1299 2550 1352 2603 Q.
1383 2550 1425 2605 f.,
1463 2550 1579 2592 tribu
1608 2548 1700 2591 Fal.
1734 2549 1919 2603 (origine
1953 2546 2075 2590 Gaia-

352 2620 509 2673 tinus);
557 2625 759 2675 quaestor
797 2619 938 2674 urbis,
984 2625 1186 2675 quaestor
1224 2619 1474 2675 provinciae
1508 2617 1827 2671 Narbonensis3
1866 2621 2073 2673 patronus

353 2687 649 2730 Caiatinorum
675 2687 724 2729 X
748 2690 870 2732 4580.

266 2757 322 2798 60
351 2756 410 2798 M.
452 2757 619 2800 Gavius
658 2755 889 2800 Maximus,
955 2755 1110 2798 Tituli:
1148 2755 1354 2798 Firmani
1391 2758 1475 2797 tres
1503 2754 1582 2797 IX
1609 2756 1718 2797 5358
1747 2752 1818 2809 (1).
1857 2755 1965 2796 5359
1995 2752 2072 2808 (2).

349 2827 457 2867 5360
488 2824 569 2879 (3);
606 2824 863 2866 Trevirensis
881 2823 1128 2866 Brambaoh
1161 2826 1242 2867 798
1272 2824 1355 2880 (4),·
1387 2823 1573 2866 Noricus
1601 2823 1691 2864 III
1710 2824 1824 2865 5328
1854 2819 1926 2875 (5).
1977 2821 2072 2864 Me-

350 2896 542 2935 moratur
581 2893 628 2934 in
663 2892 798 2934 titulis
835 2893 1015 2934 urbanis
1045 2892 1113 2935 VI
1135 2895 1244 2934 1009
1275 2892 1359 2948 (6)‚·
1396 2891 1514 2934 Bull.
1555 2890 1649 2933 dell'
1678 2890 1786 2933 Inst.
1819 2889 1934 2931 arch.
1964 2891 2072 2933 1885

350 2976 399 3016 p.
420 2963 504 3004 250
535 2960 616 3016 (7),·
653 2963 737 3003 254
767 2959 851 3015 (8),·
891 2963 976 3003 255
1005 2960 1076 3016 (9),
1118 2961 1218 3003 item
1245 2963 1294 3002 ut
1321 2959 1484 3002 violetur
1521 2959 1567 3001 in
1595 2957 1811 3013 siynaeulo
1841 2957 1924 3000 IX
1949 2960 2070 3008 6083,

351 3032 435 3072 125
465 3029 564 3085 (10).

434 3097 492 3140 Μ.
525 3097 693 3140 Gavius
722 3097 940 3139 Maximus
972 3100 998 3141 t.
1029 3100 1055 3139 1
1085 3097 1259 3151 itemque
1288 3096 1377 3150 fere
1407 3099 1434 3139 t.
1454 3099 1504 3140 ’4.
1534 3097 1562 3138 5
1602 3095 1879 3149 (praenomen
1908 3093 2073 3140 exhibet

349 3167 476 3209 etiam
506 3169 536 3207 t.
565 3165 626 3219 2),
666 3165 725 3207 Μ.
758 3164 811 3208 G.
842 3165 900 3207 M.
933 3169 961 3209 t.
991 3168 1058 3216 10,
1091 3165 1339 3219 plerumque
1369 3164 1536 3208 Gavius
1562 3163 1743 3217 (Gavius
1774 3162 1902 3205 codex
1927 3161 2070 3205 Fron-

349 3235 476 3290 tonis)
507 3234 737 3276 Maximus.
797 3233 856 3275 M.
889 3234 917 3278 f.
955 3237 981 3276 t.
1013 3237 1052 3278 1.
1079 3237 1118 3276 3.
1142 3236 1182 3277 4.
1239 3231 1413 3287 Origine
1447 3231 1538 3274 sine
1579 3231 1704 3274 ambio
1734 3230 1991 3280 Firmanus,
2022 3232 2072 3271 ut

351 3302 570 3345 ostendunt
600 3301 715 3343 tituli
732 3301 876 3343 Firmi
904 3302 945 3344 ei
962 3302 1109 3356 positi.
1160 3300 1298 3343 Tribu
1327 3299 1526 3342 Palatina
1556 3303 1583 3343 t.
1605 3303 1643 3351 1,
1675 3300 1868 3354 fortasse,
1898 3301 1947 3341 ut
1974 3311 2070 3340 oon-

351 3371 445 3413 ieoit
476 3370 732 3420 Mommsen,
775 3369 884 3425 quod
922 3372 1014 3411 erat
1052 3369 1167 3424 filius
1208 3367 1407 3412 libertini.
1468 3366 1537 3411 De
1573 3368 1662 3412 vita
1703 3367 1791 3410 eius
1821 3369 1919 3409 ante
1938 3379 2069 3424 prae-
