2202 3724
235 265 374 301 IVLIA
1095 258 1178 300 230
1893 263 2031 299 IVLIA

320 395 438 448 degit
466 395 509 434 in
540 391 705 434 Palatio
737 390 894 434 Herod.
921 394 959 440 5,
981 395 1021 440 3,
1043 395 1075 433 2
1105 405 1138 433 c.
1158 395 1197 441 5,
1220 395 1257 433 1.
1286 394 1326 441 8,
1354 393 1393 433 3.
1443 389 1720 443 (Mentionem
1752 392 1929 435 Maesae
1959 393 2034 435 ad-

316 463 395 504 hue
417 462 616 516 privatae
646 461 788 500 extare
815 458 862 500 in
891 461 919 500 t.
947 457 1191 501 Crernnensi
1211 458 1406 501 Pisidiae
1425 459 1513 501 III
1524 462 1607 502 304
1635 460 1781 503 mutilo
1807 461 2036 516 aliquando

320 530 521 572 creditum
550 531 630 578 est,
673 540 756 568 non
784 529 914 577 recte,
951 527 1005 580 cf.
1036 527 1125 569 III
1147 527 1194 570 S.
1225 526 1366 581 6874).
1430 527 1485 569 A.
1516 528 1598 571 217
1629 543 1655 570 a
1683 528 1878 572 Macrino
1917 531 2036 572 iussa

319 599 521 639 Emesam
551 594 751 637 secedere
782 594 941 637 Herod.
961 597 1000 645 5,
1021 598 1060 646 3,
1083 599 1126 638 2.
1177 595 1389 652 Nepotem
1420 611 1476 637 ex
1505 595 1758 638 Soaemiade
1788 596 2036 640 Caracallae

318 664 454 706 filium
482 678 573 705 esse
604 662 856 719 praedicans
886 662 1028 704 studia
1052 662 1237 705 militum
1257 664 1302 705 in
1325 677 1423 705 eum
1442 671 1649 719 provocat
1667 664 1826 707 Herod.
1845 667 1885 716 5,
1906 668 1946 716 3,
1968 669 2034 709 10.

319 733 461 774 Inscia
492 746 541 773 ea
570 745 716 773 mense
747 730 848 772 Mai.
880 731 962 773 218
994 745 1128 787 nepos
1159 731 1252 773 eius
1277 730 1503 786 Augustus
1534 731 1744 774 salutatus
1763 732 1851 775 Dio
1874 735 1939 785 78,
1969 736 2034 777 31.

319 802 473 855 Pugna
493 806 643 841 contra
663 799 907 840 Macrinum
928 798 1043 855 apud
1065 799 1340 841 Antiochiam
1370 800 1606 855 commissa,
1637 800 1795 842 milites
1823 801 2037 856 fugientes

316 870 471 910 retinet
499 868 586 910 Dio
618 870 684 918 78,
715 870 782 909 38.
850 866 954 909 Post
986 868 1208 912 victoriam
1247 868 1409 923 nepotis
1446 867 1667 924 Augusta,
1713 870 1813 911 avia
1846 868 2033 924 Augusti

320 941 399 979 act.
430 937 534 981 Arv.
565 939 620 979 30
652 935 764 978 Mai.
795 939 834 977 et
863 938 915 978 14
944 935 1028 978 Iul.
1053 939 1163 988 218;
1204 936 1327 979 VIII
1344 938 1469 980 2564.
1509 936 1589 979 XI
1610 940 1720 979 3774
1748 937 1803 991 cf.
1835 937 1884 979 X
1909 940 2034 982 6002.

318 1005 453 1047 Iuliae
482 1005 678 1046 Domnae
718 1010 761 1046 et
801 1004 938 1048 Getae
977 1019 1074 1046 ossa
1114 1005 1159 1046 in
1198 1004 1518 1047 Antoninorum
1556 1004 1774 1047 mausoleo
1814 1005 2038 1049 condenda

319 1080 439 1116 curat
460 1073 548 1115 Dio
567 1076 635 1124 78,
663 1076 734 1115 24.
784 1071 1070 1127 Elagabalum
1096 1079 1184 1115 tam
1214 1074 1258 1114 in
1290 1079 1431 1115 castra
1460 1088 1590 1130 quam
1625 1074 1670 1115 in
1709 1074 1873 1116 curiam
1911 1075 2037 1116 comi-

318 1148 434 1184 tatur
461 1142 532 1183 vit.
562 1141 696 1196 Elaq.
718 1144 788 1191 12,
818 1143 846 1183 3
875 1141 930 1194 cf.
955 1140 1044 1183 Dio
1076 1144 1141 1192 79,
1172 1145 1236 1183 17.
1293 1140 1582 1196 Elagabalum
1612 1156 1638 1183 a
1667 1142 1895 1197 peregrino
1930 1141 2039 1185 luxu

318 1210 570 1252 dehortatur
609 1208 768 1253 Herod.
802 1211 841 1259 5,
877 1211 916 1260 5,
952 1212 978 1252 5
989 1222 1003 1260 ,·
1046 1210 1118 1251 vit.
1153 1209 1289 1264 Elay.
1322 1213 1397 1260 31,
1432 1213 1472 1253 4.
1543 1210 1651 1253 Cum
1691 1209 1955 1264 Elagabalus
1994 1224 2040 1252 se

318 1278 514 1320 omnibus
546 1278 737 1319 invisum
766 1276 947 1332 fecisset,
982 1278 1209 1333 imperium
1238 1278 1282 1319 in
1304 1277 1487 1320 alterum
1507 1284 1721 1334 nepotem,
1740 1277 2039 1327 Alexandrum

317 1347 490 1401 dictum,
514 1345 858 1388 transferendum
890 1352 1012 1388 curat
1032 1345 1119 1388 Dio
1139 1349 1206 1397 79,
1227 1349 1290 1396 19,
1322 1346 1480 1389 Herod.
1511 1349 1551 1397 5,
1572 1349 1609 1397 7,
1632 1350 1658 1388 1
1677 1359 1759 1400 seq.
1790 1360 1825 1389 c.
1849 1349 1890 1397 8,
1910 1349 1938 1388 3
1957 1359 2038 1400 seq.

318 1414 578 1467 (nominatur
616 1428 704 1456 una
743 1427 835 1455 curn
863 1414 1113 1456 Alexandro
1144 1417 1182 1456 et
1214 1414 1421 1456 Mamaea
1457 1414 1503 1456 in
1539 1417 1566 1457 t.
1595 1415 1761 1457 urbano
1790 1413 1912 1458 Bull.
1944 1414 2040 1457 dell’

318 1483 426 1525 Inst.
457 1485 565 1526 1884
585 1497 633 1537 p.
653 1485 712 1525 27
732 1501 788 1516 =
808 1481 976 1524 Dessau
1005 1483 1132 1526 inser.
1163 1482 1235 1525 sel.
1255 1482 1368 1537 484).
1417 1482 1515 1524 Non
1533 1482 1669 1525 multo
1692 1488 1842 1538 postea
1860 1483 2042 1525 moritur

319 1558 361 1593 et
391 1557 665 1593 consecratur
693 1549 852 1592 Herod.
877 1553 915 1601 6,
937 1553 975 1600 1,
997 1553 1024 1592 4
1054 1546 1120 1602 (de
1143 1553 1322 1604 tempore
1348 1564 1432 1592 non
1460 1553 1645 1602 constat;
1673 1550 1836 1592 nummi
1852 1549 2041 1593 Alexan-

320 1619 438 1661 drini
468 1619 646 1661 Maesae
669 1617 906 1672 procedunt
934 1618 987 1660 ab
1019 1632 1130 1660 anno
1159 1618 1340 1660 secundo
1368 1631 1496 1672 usque
1527 1618 1585 1661 ad
1609 1619 1811 1672 quintum,
1839 1618 1914 1661 sed
1930 1618 2042 1661 Ela-

317 1688 467 1744 9abali
484 1690 532 1729 ut
550 1687 726 1737 videtur,
756 1700 841 1728 non
862 1686 1115 1737 Alexandri,
1149 1687 1203 1740 ef.
1225 1685 1363 1729 Sallet
1387 1685 1532 1729 Daten
1554 1686 1628 1729 cler
1650 1686 2044 1730 alexandrinischen

322 1756 659 1798 Kaisermanzen
679 1768 728 1808 20·
749 1753 832 1808 54).

237 1826 318 1868 447
350 1831 489 1867 IVLIA
519 1829 681 1864 MAGIA
712 1836 823 1864 uxor
852 1822 902 1864 P.
929 1822 1156 1878 Pomponii
1187 1821 1436 1865 Corneliani
1468 1821 1704 1865 consularis
1735 1825 1764 1866 t.
1794 1823 1892 1879 ayri
1919 1823 2042 1867 Vero-

321 1893 462 1936 nensis
493 1891 666 1935 V3243.
693 1893 814 1933 3318.

236 1963 318 2004 448
348 1968 487 2003 IVLIA
517 1965 780 2001 MAGNILLA
811 1957 990 2012 (Menila
1025 1958 1200 2013 teyulae,
1237 1959 1392 2002 rustice
1427 1959 1628 2014 scriptae)
1659 1966 1922 2003 memoratur
1957 1975 2045 2003 una

322 2044 418 2071 cum
439 2029 677 2084 Pomponia
697 2027 834 2081 Musa,
858 2041 969 2068 uxor
990 2033 1038 2068 ut
1056 2026 1231 2069 videtur
1252 2028 1345 2069 eius
1368 2030 1395 2070 t.
1416 2027 1648 2071 Veliternus
1665 2027 1715 2071 X
1732 2030 1862 2079 6584;
1882 2028 2044 2084 teyulae

320 2098 512 2140 urbanae
532 2095 759 2139 XV1575.
807 2095 1077 2138 Memoratur
1097 2096 1224 2137 etiam
1243 2096 1289 2138 in
1315 2095 1438 2138 titulo
1459 2095 1763 2151 dispensatoris
1787 2096 1867 2139 XI
1872 2096 2042 2140 V3716.

249 2191 306 2196 —
348 2172 487 2208 IVLIA
516 2170 735 2205 MAMAEA
765 2169 995 2206 AVGVSTA
1024 2177 1061 2205 v.
1089 2170 1228 2206 IVLIA
1256 2170 1410 2206 AVITA
1441 2171 1660 2206 MAMAEA
1689 2169 1930 2207 AVGVSTA.

238 2235 322 2277 449
349 2240 489 2276 IVLIA
518 2238 804 2274 NEPOTILLA
831 2231 1070 2274 clarissima
1097 2232 1268 2287 femina,
1303 2233 1354 2278 T.
1385 2232 1529 2275 Flavii
1560 2232 1751 2276 Secundi
1781 2232 2044 2290 Philippiani

323 2318 434 2346 uxor
461 2305 489 2344 t.
511 2301 803 2356 Lugdunensis
832 2300 959 2343 Orell.
983 2303 1073 2343 922
1091 2320 1146 2335 =
1164 2300 1330 2343 Allmer
1351 2304 1391 2343 et
1409 2300 1607 2343 Disnard
1634 2302 1771 2344 muse'e
1792 2300 1841 2344 de
1861 2301 1982 2357 Isyon
2007 2301 2040 2343 Ι

324 2386 372 2426 p.
394 2373 480 2414 128
508 2368 630 2423 (vidit
657 2369 935 2423 Hirschfeld).

236 2442 319 2483 450
349 2447 487 2481 IVLIA
507 2444 706 2481 NOBILIS
727 2437 775 2480 O.
791 2437 892 2480 Iulii
909 2437 1103 2479 Montani
1125 2437 1273 2493 (supra
1287 2452 1328 2480 n.
1345 2440 1452 2494 292)
1474 2437 1563 2480 filia
1579 2441 1607 2481 t.
1627 2437 1823 2492 Capenas
1836 2437 1917 2480 XI
1922 2439 2044 2481 3884.

239 2510 317 2552 451
351 2515 490 2550 IVLIA
520 2512 739 2548 PELAGIA
770 2505 1007 2548 clarissima
1037 2506 1206 2561 femina,
1239 2521 1352 2548 uxor
1370 2506 1430 2549 M.
1453 2506 1682 2562 Calpurnii
1712 2506 1934 2561 Eregentii
1962 2506 2044 2548 viri

325 2576 645 2633 perfectissimi,
686 2575 857 2631 patroni
888 2574 1079 2616 coloniae
1109 2575 1396 2631 Aquinatium
1427 2578 1454 2618 t.
1486 2575 1683 2629 Aquinas
1713 2573 1853 2627 (semel
1882 2577 2046 2617 tantum

326 2643 572 2698 descriplus)
604 2643 652 2686 X
677 2646 801 2686 5395.
862 2643 1036 2686 Videtur
1065 2642 1338 2686 Diocletiano
1367 2644 1585 2688 recentior.

239 2715 322 2756 452
354 2720 493 2756 IVLIA
523 2718 771 2754 PROCILLA
799 2727 911 2754 uxor
939 2711 1039 2754 Iulii
1071 2712 1286 2767 Graecini,
1319 2718 1455 2755 mater
1484 2711 1716 2767 Agricolae
1749 2711 1848 2754 Tac.
1876 2710 1984 2767 Aqr.
2004 2714 2046 2754 4.

324 2781 557 2824 Interfecta
587 2780 641 2822 ab
673 2780 928 2822 Othonianis
956 2781 1012 2822 ib.
1047 2794 1079 2822 c.
1110 2784 1148 2822 7.

242 2852 324 2894 453
351 2856 490 2892 IVLIA
511 2854 739 2891 PROCVLA
761 2847 1034 2904 clariss(ima)
1057 2848 1249 2904 p(uella),
1283 2863 1403 2891 soror
1423 2847 1525 2891 Iulii
1547 2846 1761 2891 Gaetulici
1785 2847 1908 2890 VIII
1918 2850 2044 2891 8421.

239 2920 325 2962 454
354 2925 494 2960 IVLIA
524 2917 852 2972 PROGV[LI]NA,
890 2932 1003 2959 uxor
1031 2917 1082 2960 T.
1113 2917 1294 2974 Aquillii
1324 2917 1497 2960 Proculi
1529 2931 1614 2958 cos.
1645 2916 1694 2959 X
1719 2919 1839 2960 1699.

240 2989 322 3029 455
353 2986 465 3028 Iulia
494 2984 653 3028 Rufilla
683 2984 932 3040 Augurina,
975 2985 1024 3029 O.
1055 2985 1108 3041 f.,
1150 2986 1289 3042 neptis
1320 2986 1522 3028 Neratiae
1552 2985 1735 3027 Rufinae
1765 2988 1793 3028 t.
1834 2985 2046 3040 Saepinas

325 3055 406 3097 IX
432 3057 556 3098 2459.

241 3124 325 3166 456
355 3122 466 3165 Iulia
497 3122 659 3165 Severa
688 3123 755 3164 Ti.
788 3122 816 3164 f.
848 3122 995 3177 fistula
1024 3123 1227 3178 plumbea
1267 3138 1335 3178 ap.
1366 3123 1652 3165 Lancianium
1681 3121 1774 3176 syll.
1806 3135 1872 3175 aq.
1902 3134 1944 3166 n.
1965 3123 2046 3163 514

328 3192 365 3246 (e
396 3190 484 3233 cod.
518 3190 642 3246 Vana).

241 3260 323 3303 457
356 3266 494 3301 IVLIA
536 3265 784 3301 SOAEMIAS
827 3266 1071 3302 BASSIANA
1110 3266 1354 3301 AVGVSTA.
1431 3259 1540 3301 Iulia
1581 3258 1799 3302 Soaemias
1837 3257 2046 3300 Bassiana

329 3348 374 3362 τ*
406 3328 549 3373 Ἰουλία
569 3330 757 3386 Σοαιμιὰς
773 3329 975 3388 Βασσιανὴ
1004 3331 1030 3370 ff.
1067 3328 1300 3371 Veliternus
1319 3328 1367 3370 X
1387 3330 1493 3371 6569
1523 3328 1577 3371 ab
1609 3341 1659 3370 θα
1682 3327 1859 3382 privata
1879 3325 2048 3381 positus
