2202 3724
248 300 432 336 NONIVS
1111 295 1195 338 410
1866 306 2048 343 NONIVS

335 440 498 482 videtur
538 436 795 490 corruptum)
838 447 1012 486 caecus,
1054 447 1080 474 a
1119 432 1253 474 Bruto
1295 432 1509 487 (praetore
1539 433 1704 476 urbano
1733 450 1770 476 a.
1802 436 1915 491 710),
1956 453 2052 480 cum

334 508 550 565 postulare
591 503 744 557 vellet,
785 502 1014 543 destitutus
1053 502 1196 543 Labeo
1237 515 1305 555 ap.
1336 501 1571 556 Ulpianum
1598 503 1670 546 lib.
1703 504 1771 547 VI
1789 505 1848 547 ad
1875 505 2053 549 edictwm

334 576 435 630 Dio.
465 579 504 625 3,
537 578 574 624 1,
606 577 644 623 1,
671 574 697 614 5
728 570 814 623 (vix
844 569 989 619 alium,
1021 572 1128 611 certe
1156 569 1426 612 recentiorem
1455 570 1617 613 nullum
1645 572 1850 615 intellexit
1878 575 2052 632 Labeo).

332 644 537 686 Diversus
565 641 697 695 iyitur
727 654 754 680 a
774 641 904 692 patre
934 637 1021 679 eius
1043 637 1264 691 Asprenas
1284 638 1478 680 tribunus
1500 639 1641 693 plebis
1670 654 1712 682 a.
1734 643 1814 683 710
1845 638 2050 697 (Appian.

335 713 372 754 b.
397 726 430 755 c.
451 715 490 761 3,
515 709 569 764 7),
598 710 696 750 item
715 710 763 749 ut
773 709 881 761 puto
903 705 1089 762 diversus
1112 705 1281 748 Nonius
1299 709 1469 748 senator
1486 708 1756 762 proscriptus
1775 709 1829 752 ab
1850 709 2050 763 Antonio,

333 780 450 823 Plin.
473 779 512 821 h.
532 792 574 820 n.
594 780 660 827 37,
682 779 747 819 81.
779 775 994 817 Incertum
1013 787 1098 827 qua
1119 774 1347 827 parentela
1368 787 1461 816 cum
1481 789 1527 818 eo
1549 776 1793 819 coniunctus
1813 778 1864 820 L.
1885 778 2052 822 Nonius

333 848 552 904 Asprenas
582 845 632 887 L.
665 844 708 898 f.,
741 843 858 886 tribu
888 842 1055 896 Velina,
1088 843 1200 884 inter
1229 848 1358 885 testes
1389 849 1562 886 senatus
1592 844 1775 888 consulti
1806 845 1909 888 facti
1939 862 2052 890 anno

332 917 413 959 715
443 915 536 957 loco
567 914 694 956 tertio
715 912 908 955 Bulletin
939 911 988 953 de
1018 924 1126 954 corr.
1156 910 1251 953 hell.
1274 914 1386 953 1887
1405 926 1452 966 p.
1473 914 1575 956 227.
1597 937 1654 942 -—
1672 912 1929 959 Avunculus
1961 918 2053 960 eius

333 985 380 1026 P.
409 981 671 1036 Quinctilius
694 981 851 1033 Varus,
884 979 984 1023 SeX.
1015 978 1058 1033 f.,
1090 979 1238 1021 consul
1268 994 1307 1021 a.
1330 980 1408 1022 741
1444 980 1543 1022 Vell.
1564 983 1608 1031 2,
1629 984 1727 1032 120,
1758 986 1894 1025 mater
1921 984 2054 1039 iyitur

333 1051 565 1105 Quinctilia
596 1049 693 1093 Sex.
727 1050 759 1103 f.
804 1048 966 1090 Frater
995 1048 1084 1090 eius
1105 1050 1214 1102 puto
1245 1047 1343 1092 Sex.
1377 1048 1545 1091 Nonius
1570 1050 1881 1103 Quinctilianus
1911 1053 2055 1095 consul

331 1135 370 1162 a.
395 1135 441 1174 p.
472 1118 575 1163 Chr.
607 1121 636 1160 8
665 1118 742 1173 (cf.
765 1117 840 1159 sub
871 1115 959 1166 hoc,
992 1116 1111 1169 infra
1140 1130 1181 1159 n.
1205 1115 1318 1170 118).

415 1187 612 1242 Augusto
662 1186 798 1228 artius
851 1186 1026 1227 iunctus
1073 1184 1190 1227 Suet.
1226 1184 1338 1239 Auy.
1374 1188 1439 1227 56.
1510 1184 1750 1229 Accusatus
1789 1187 1988 1230 veneficii
2028 1204 2055 1232 a

331 1256 479 1299 Cassio
521 1255 682 1297 Severo
724 1254 844 1297 Plin.
876 1254 916 1296 k.
948 1268 989 1295 n.
1020 1255 1086 1304 35,
1117 1255 1217 1304 164,·
1257 1252 1374 1296 Suet.
1416 1253 1528 1308 Auy.
1557 1256 1611 1296 56
1621 1267 1634 1305 ;
1673 1255 1725 1308 cf.
1771 1255 1914 1308 Quint.
1955 1257 2053 1300 inst.

331 1327 396 1374 11,
431 1328 468 1374 1,
501 1327 567 1374 57,
604 1322 808 1365 defensus
838 1338 863 1363 a
893 1321 1088 1363 Pollione
1124 1322 1265 1375 Quint.
1296 1322 1393 1366 inst.
1422 1325 1489 1372 10,
1521 1325 1560 1373 1,
1591 1326 1667 1366 22.
1726 1323 1870 1379 (Anno
1901 1328 1980 1368 745
2009 1326 2056 1368 id

333 1392 532 1435 accidisse
573 1406 623 1434 ex
660 1391 800 1434 Dione
836 1393 901 1441 55,
933 1394 960 1432 ,4
999 1390 1152 1432 collato
1194 1390 1395 1433 Suetonio
1434 1405 1697 1445 nequaquam
1738 1393 1854 1447 effici
1883 1393 2054 1448 potest.)

333 1460 493 1504 Consul
534 1460 627 1502 suff.
660 1475 697 1503 a.
729 1475 767 1515 p.
801 1458 849 1504 C.
881 1460 907 1501 6
938 1459 1048 1512 fasti
1078 1458 1183 1513 Gap.
1255 1458 1499 1514 Septemvir
1537 1459 1769 1515 epulonum
1809 1464 1837 1505 t.
1869 1464 1907 1503 1.
1938 1465 1982 1505 2.
2014 1465 2052 1505 6.

330 1529 521 1583 Legatus
552 1529 597 1569 in
622 1528 857 1572 Germania
887 1527 967 1569 sub
998 1526 1214 1568 avunculo
1247 1541 1323 1568 suo
1350 1527 1480 1582 Varo,
1513 1528 1644 1570 caede
1674 1530 1806 1571 trium
1834 1529 2053 1585 legionum

333 1597 502 1652 audita,
551 1596 659 1638 duas
700 1595 888 1651 legiones
930 1595 1088 1651 quibus
1130 1601 1329 1650 praeerat
1364 1594 1418 1636 ad
1458 1595 1664 1638 inferiora
1702 1597 1885 1640 hiberna
1928 1597 2055 1640 duxit

336 1665 436 1709 Vell.
467 1668 510 1716 2,
543 1669 628 1708 120
639 1678 652 1716 ,·
682 1664 770 1706 Dio
799 1666 866 1714 56,
897 1667 972 1707 22.
1042 1663 1280 1706 Proconsul
1318 1663 1493 1706 Africae
1533 1680 1572 1709 a.
1606 1666 1659 1707 14
1689 1669 1714 1708 t.
1746 1669 1784 1710 1.
1815 1669 1847 1709 2
1876 1664 1939 1719 (in
1968 1670 1997 1709 t.
2027 1669 2054 1708 3

332 1735 528 1788 temporis
549 1733 753 1776 indicatio
776 1736 978 1787 corrupta
997 1732 1099 1786 est),·
1133 1732 1232 1775 Tac.
1255 1747 1294 1776 a.
1316 1736 1356 1783 1,
1376 1735 1441 1776 53.
1487 1733 1675 1776 Cui-ator
1703 1734 1895 1777 locorum
1915 1734 2052 1791 publi-

333 1817 482 1844 corum
521 1801 853 1843 iudicandorum
894 1804 922 1843 t.
953 1804 991 1845 4.
1021 1803 1060 1843 5.
1123 1801 1172 1842 In
1213 1807 1366 1843 senatu
1403 1801 1536 1844 verba
1575 1801 1680 1844 facit
1718 1818 1756 1847 a.
1787 1804 1842 1845 20
1881 1804 1978 1846 Tac.
2012 1818 2052 1846 a.

331 1874 369 1921 3,
401 1873 467 1912 18.
524 1871 650 1913 Uxor
680 1869 917 1925 Calpurnia
947 1869 997 1913 L.
1030 1869 1199 1912 Pisonis
1238 1869 1328 1911 filia
1358 1873 1386 1913 t.
1416 1872 1455 1912 8.
1515 1870 1659 1913 Huius
1687 1872 1869 1925 fortasse
1899 1872 2053 1915 liberta

330 1939 472 1981 Nonia
510 1939 561 1980 L.
594 1938 850 1994 Asprenatis
888 1938 915 1982 l.
948 1937 1116 1979 Helena
1145 1938 1226 1980 IX
1251 1940 1370 1982 5659.
1414 1965 1466 1970 —
1507 1939 1559 1982 L.
1590 1938 1810 1996 Asprenas
1847 1940 2054 1995 (traditur

334 2006 616 2063 Asprenates)
643 2007 884 2048 nominatus
915 2021 943 2048 a
973 2006 1134 2049 Seneca
1160 2006 1328 2049 rhetore
1348 2010 1478 2051 contr.
1499 2011 1553 2050 10
1574 2022 1646 2062 pr.
1668 2012 1700 2052 2
1727 2011 1775 2050 ut
1796 2008 2054 2051 declamator

332 2075 449 2116 cuius
488 2075 607 2128 fama
646 2089 739 2116 cum
777 2076 869 2128 ipso
910 2074 1096 2116 extincta
1136 2074 1203 2124 sit,
1247 2075 1433 2117 diversus
1469 2075 1634 2118 videtur
1673 2090 1769 2119 esse.
1839 2077 2054 2119 Incertum

330 2146 470 2184 utrum
500 2143 568 2185 liic
600 2157 656 2184 an
686 2143 722 2184 is
752 2143 825 2196 qui
853 2143 1041 2195 sequitur
1069 2143 1120 2185 L.
1152 2142 1319 2185 Nonius
1349 2143 1569 2199 Asprenas
1609 2145 1655 2187 in
1684 2146 1830 2199 fistula
1850 2146 2054 2201 plumbea

333 2212 590 2261 suburbana,
615 2225 682 2265 ap.
704 2211 920 2253 Lanciani
938 2211 1029 2265 syll.
1052 2213 1139 2253 377
1146 2224 1160 2262 ,·
1188 2212 1287 2253 item
1307 2212 1512 2254 incertum
1531 2216 1674 2255 utrum
1693 2213 1762 2256 hic
1789 2213 2052 2270 [As]prenas,

332 2280 450 2321 cuius
479 2292 620 2321 servus
651 2279 713 2334 (in
743 2278 882 2320 eodem
913 2282 940 2322 t.
972 2278 1024 2321 L.
1054 2279 1222 2321 Nonius
1252 2279 1423 2334 aliquis)
1455 2280 1523 2322 VI
1542 2284 1691 2324 23030.

246 2347 301 2389 94
331 2355 375 2389 L.
411 2353 594 2389 NONIVS
636 2353 894 2389 ASPRENAS
937 2362 1020 2389 cos.
1053 2363 1089 2389 a.
1129 2362 1170 2403 p.
1212 2346 1261 2390 O.
1292 2348 1360 2392 29.
1437 2348 1601 2391 Titulus
1639 2349 1752 2404 Eph.
1793 2365 1854 2404 ep.
1884 2354 1923 2401 4,
1956 2353 2050 2401 818,

330 2429 430 2457 nam
459 2415 584 2458 huius
614 2429 709 2466 esse,
751 2430 836 2458 non
858 2416 1016 2470 patris,
1059 2416 1238 2458 ostendit
1265 2417 1545 2459 sacerdotium
1575 2415 1649 2470 (1).
1710 2419 1980 2461 Memoratur
2007 2420 2054 2462 in

333 2483 453 2525 titulo
493 2484 646 2526 matris
687 2484 756 2526 VI
777 2487 884 2527 1371
915 2484 992 2539 (2).
1054 2485 1104 2528 L.
1136 2485 1303 2526 Nonius
1337 2484 1554 2541 Asprenas
1595 2489 1623 2531 t.
1653 2490 1707 2537 2,
1750 2487 1801 2529 L.
1833 2486 2052 2543 Asprenas

333 2554 360 2594 t.
392 2555 429 2595 1.
487 2552 544 2593 In
585 2552 803 2594 consulatu
843 2553 892 2596 L.
925 2553 1091 2595 Nonius
1127 2552 1349 2609 Asprenas
1384 2553 1464 2596 IV
1484 2557 1610 2605 1555,
1650 2554 1701 2598 L.
1741 2554 1907 2597 Nonius
1947 2557 2055 2609 fasti

335 2619 509 2670 Nolani,
543 2621 592 2663 L.
623 2620 872 2676 Aspr[enas]
905 2622 1012 2674 fasti
1040 2622 1167 2674 fratr.
1199 2621 1317 2672 Aru,
1350 2622 1399 2664 L.
1429 2622 1559 2678 Aspr.
1590 2623 1624 2665 I
1647 2627 1738 2665 767.
1772 2626 1864 2667 768.
1890 2628 1894 2632 “
1923 2624 1974 2666 L.
2007 2624 2050 2676 f.,

333 2690 361 2728 t.
392 2690 429 2736 1,
462 2688 512 2731 L.
544 2689 671 2730 Nonii
703 2688 957 2744 Asprenatis
995 2690 1099 2744 (eius
1138 2691 1212 2743 qui
1239 2690 1459 2744 praecedit
1498 2690 1678 2733 consulis
1709 2705 1748 2732 a.
1771 2706 1820 2745 p.
1849 2690 1896 2734 Ο.
1926 2691 1968 2746 6)
2009 2699 2052 2734 et

332 2754 592 2810 Calpurniae
622 2756 748 2807 filius,
782 2756 1036 2812 Asprenatis
1059 2757 1285 2814 Calpurnii
1316 2759 1492 2801 Serrani
1524 2759 1662 2813 (infra
1680 2773 1721 2801 n.
1739 2758 1809 2812 98)
1831 2766 1874 2801 et
1893 2759 2051 2816 Aspre-

333 2823 444 2863 natis
477 2822 699 2879 Calpurnii
731 2824 939 2880 Torquati
972 2826 1108 2880 (infra
1135 2840 1176 2870 n.
1199 2829 1269 2883 99)
1301 2826 1435 2869 frater
1461 2830 1489 2868 t.
1519 2831 1563 2870 2.
1613 2826 1776 2870 Consul
1807 2828 1902 2870 suff.
1935 2843 1972 2870 a.
1996 2829 2051 2871 29

333 2905 429 2931 cum
466 2889 517 2933 A.
551 2890 720 2932 Plautio
759 2893 865 2945 fasti
893 2895 1020 2946 fratr.
1052 2894 1157 2936 Arv.
1190 2894 1319 2949 (CIL.
1351 2895 1385 2937 I
1408 2895 1468 2938 ed.
1501 2899 1532 2938 2
1553 2910 1600 2949 p.
1625 2895 1716 2949 71),
1751 2896 1859 2949 fasti
1889 2897 2054 2940 Nolani

332 2958 402 3012 (X
419 2958 558 3012 1233),
592 2960 646 3012 cf.
668 2960 701 3000 I
715 2963 804 3002 767.
828 2964 919 3003 768.
951 2962 1030 3004 IV
1045 2965 1162 3006 1555.
1211 2962 1365 3018 Augur
1396 2966 1422 3005 t.
1445 2967 1483 3006 1.
1510 2988 1557 2993 —
1580 2964 1631 3006 In
1656 2963 1870 3006 consulari
1890 2963 2049 3021 Aspre·

331 3032 477 3067 natum
509 3026 632 3068 domo
665 3027 748 3069 duo
789 3029 943 3070 fratres
977 3030 1161 3072 diversis
1198 3031 1335 3072 modis
1372 3031 1521 3073 morbo
1553 3031 1634 3073 coli
1673 3031 1841 3074 liberati
1876 3033 2052 3076 Plinius

331 3094 371 3135 h.
392 3108 434 3135 n.
457 3097 524 3144 30,
558 3098 625 3144 63,
656 3096 838 3148 fortasse
867 3098 1113 3151 siqnifitcans
1143 3098 1252 3140 hunc
1285 3102 1323 3141 et
1351 3113 1481 3141 unum
1512 3113 1533 3141 e
1562 3100 1783 3153 fratribus.

246 3162 300 3204 95
332 3168 372 3205 Ρ.
404 3167 586 3203 NONIVS
617 3170 872 3205 ASPRENAS
905 3166 1011 3218 (tria
1035 3167 1210 3209 nomina
1249 3167 1316 3210 VI
1336 3170 1432 3210 811.
1461 3168 1510 3210 X
1536 3171 1658 3218 6638,
1689 3167 1779 3211 Dio
1807 3168 1894 3211 ind.
1927 3169 1952 3211 l.
1982 3172 2048 3221 59,

331 3229 531 3289 Frontin.
555 3245 620 3283 aq.
637 3234 701 3281 13,
734 3231 930 3279 Πούπλιος
953 3233 1106 3281 Νώνιος
1125 3234 1215 3277 Dio
1236 3238 1303 3285 59,
1321 3239 1359 3286 9,
1392 3236 1440 3279 P.
1461 3236 1502 3277 N
1520 3269 1529 3278 .
1547 3269 1556 3278 .
1575 3268 1584 3278 .
1603 3268 1613 3278 .
1636 3235 1704 3278 VI
1711 3239 1863 3287 10288,
1885 3237 2052 3279 Nonius

330 3297 549 3352 Asprenas
577 3298 776 3341 Frontin.
810 3315 874 3353 aq.
904 3305 1008 3351 102,
1052 3303 1159 3344 alibi
1187 3303 1439 3359 Asprenas),
1481 3304 1540 3346 M.
1572 3305 1600 3346 f.
1632 3304 1720 3347 Dio
1750 3304 1859 3355 ind,
1901 3305 2050 3348 consul

335 3365 424 3408 ord.
457 3381 495 3408 a.
528 3367 581 3409 38
613 3383 711 3410 cum
739 3368 797 3410 M.
821 3369 981 3426 Aquila
1010 3370 1177 3413 Iuliano
1208 3373 1326 3426 fasti.
1372 3372 1458 3415 Hic
1479 3376 1587 3428 puto
1615 3372 1834 3430 Asprenas
1865 3379 2048 3428 senator,
