2202 3724
103 281 282 319 IZATES
969 273 1052 316 257
1662 279 1911 316 LABERIVS

190 426 289 455 cum
310 410 552 467 Vologaese
573 411 832 454 Parthorum
862 425 964 466 rege
989 411 1046 454 ib,
1065 413 1108 454 2.
1150 411 1277 463 Vixit
1297 425 1432 453 annos
1453 411 1770 467 quinquaginta
1790 410 1912 466 quin-

191 495 288 538 que,
321 481 522 536 regnavit
544 481 699 536 viginti
721 479 1008 537 quattuorff),
1040 479 1216 536 reliquit
1243 479 1355 522 filios
1384 480 1539 534 viginti
1569 485 1784 536 quattuor,
1817 479 1913 521 toti-

188 549 373 606 demque
391 548 516 604 filias,
549 563 731 604 regnum
764 548 897 592 tradit
926 548 1166 592 Monobazo
1197 549 1332 602 fratri,
1365 548 1570 605 sepelitur
1599 546 1913 603 Hierosolymis

187 619 232 660 in
271 624 548 660 monumento
588 618 737 660 matris
767 617 822 660 ib.
854 622 894 660 3.
952 616 1059 660 Cum
1090 617 1358 660 Monobazus
1387 618 1523 671 fratri
1553 618 1797 660 successerit
1824 617 1914 658 iam

188 701 229 729 a.
267 689 326 730 62
369 686 489 737 (Tac.
523 701 564 728 a.
598 689 673 737 15,
707 688 764 737 1),
804 699 981 741 requam
1019 686 1178 736 hatis,
1219 686 1260 728 si
1294 699 1388 728 vere
1425 686 1572 728 statim
1602 689 1703 740 post
1739 699 1914 740 requam

186 758 419 809 mscept‘am
457 756 619 808 fratres
647 754 832 797 Romam
868 754 984 797 misit
1014 753 1198 797 Claudio
1237 754 1310 809 (cf.
1340 754 1505 808 supra),
1545 754 1817 809 restrinyitur
1857 753 1915 795 ad

187 836 322 865 annos
356 823 495 865 minus
527 823 680 878 viyinti
707 825 921 877 quattuor.
991 822 1196 879 Quinque
1236 837 1292 864 ex
1326 821 1427 864 filiis
1461 822 1596 864 mittit
1629 822 1673 863 in
1708 821 1913 864 Iudaeam

186 905 327 933 mores
355 891 616 934 Iudaeorum
647 898 695 934 ut
719 890 936 933 discerent
964 891 1130 946 Ioseph.
1152 894 1240 935 ant.
1267 894 1336 941 20,
1357 893 1396 941 3,
1417 894 1456 933 4.
1507 889 1914 946 Hierosolymitanis

187 960 302 1002 fame
340 959 636 1002 laborantibus
676 960 904 1016 pecuniam
943 958 1128 1015 largitur
1168 960 1224 1002 ib.
1254 963 1327 1010 20,
1360 963 1404 1010 2,
1435 962 1474 1004 5.
1535 959 1787 1016 Propinqua
1820 960 1913 1001 eius

186 1027 353 1085 Grapte
383 1028 698 1084 Hierosolymis
735 1027 935 1070 aedificat
973 1029 1186 1084 porticum
1226 1028 1387 1070 dietam
1426 1029 1588 1084 regiam
1623 1027 1788 1082 Ioseph.
1819 1028 1912 1070 bell.

183 1101 223 1146 4,
246 1100 285 1147 9,
309 1100 372 1139 11.
394 1096 496 1138 Filii
537 1097 628 1139 eius
668 1103 711 1139 et
747 1096 903 1138 fratres
934 1095 1250 1152 Hierosolymis
1285 1097 1422 1152 captis
1462 1097 1507 1138 in
1538 1102 1794 1152 potestatem
1824 1097 1912 1139 Titi

187 1165 367 1207 veniunt
396 1170 441 1207 et
466 1164 650 1207 Romam
675 1165 909 1207 mittuntur
938 1163 1138 1207 obsidum
1168 1164 1262 1206 loeo
1292 1165 1350 1207 ib.
1371 1167 1410 1215 6,
1430 1167 1470 1215 6,
1491 1168 1532 1209 4.

965 1435 1036 1513 L

100 1625 159 1631 —
187 1607 231 1645 L.
263 1607 544 1644 LVGRETIVS
574 1607 819 1645 OCTAVIVS
850 1609 882 1644 L
899 1635 909 1645 .
927 1635 937 1644 .
956 1635 966 1645 .
984 1635 994 1644 .

97 1694 156 1699 —
184 1676 238 1712 M.
268 1676 532 1713 ANTISTIVS
563 1676 745 1715 LABEO.

98 1764 155 1768 —
183 1737 398 1781 Asconius
427 1738 588 1782 Labeo.

98 1831 157 1838 —
185 1806 335 1850 Attius
364 1807 524 1852 Labeo,

96 1901 155 1907 ——-
184 1881 446 1918 GETHEGVS
480 1881 661 1919 LABEO.

97 1969 154 1974 —
184 1943 393 1987 Claudius
423 1943 586 1988 Labeo,

85 2038 157 2058 .—
186 2011 415 2056 Cornelius
443 2012 604 2055 Labeo.

98 2088 156 2112 ‘—
186 2081 240 2134 Q.
271 2082 522 2124 Herennius
551 2080 712 2126 Labeo,

96 2176 154 2180 —
184 2157 229 2202 Q.
258 2156 479 2192 LICINIVS
509 2156 833 2194 MODESTINVS
862 2158 1043 2194 AT'ITVS
1073 2158 1255 2195 LABEO,

95 2244 152 2249 —-
182 2219 401 2261 Pacuvius
430 2218 593 2263 Labeo.

93 2312 151 2317 —
178 2293 464 2329 POMPONIVS
494 2293 674 2329 LABEO.

96 2381 154 2386 —
184 2356 366 2398 Pontius
391 2354 552 2400 Labeo,

94 2449 152 2455 —
183 2430 404 2466 TITIDIVS
434 2430 616 2467 LABEO.

95 2518 152 2524 —
182 2499 228 2544 Q.
258 2498 434 2534 LVSIVS
465 2498 715 2535 LABERIVS
748 2526 871 2535 .....

125 2563 146 2605 1
179 2561 394 2604 Laberius
425 2560 576 2606 Gallus
607 2561 912 2619 primipilaris,
942 2564 1012 2604 vir
1041 2564 1262 2619 egregius,
1294 2570 1504 2620 patronus
1535 2563 1706 2618 collegii
1737 2563 1910 2606 fabrum

178 2629 518 2673 Volsiniensium
544 2631 626 2673 XI
647 2634 776 2675 2702.

121 2701 229 2742 2..
272 2705 522 2742 LABERIVS
568 2706 734 2742 1v....
777 2700 1050 2755 [CJOCCEIVS
1096 2707 1309 2743 LEPIDVS
1354 2701 1644 2756 PRoo[vas]
1692 2701 1910 2757 (proc[0s.]

176 2766 388 2821 Boryhesi
405 2781 499 2822 opp.
519 2770 546 2810 5
566 2782 615 2822 p.
635 2768 733 2819 251,
763 2769 904 2811 minus
923 2772 1032 2811 recte
1051 2772 1099 2811 ut
1121 2769 1244 2823 pato)
1276 2770 1327 2812 L.
1349 2769 1391 2823 f.,
1425 2769 1543 2812 tribu
1563 2769 1710 2823 Aem.3
1742 2769 1908 2811 decem-

176 2836 245 2877 vir
274 2834 463 2878 stlitibus
492 2835 751 2892 iudicandis,
782 2837 983 2880 tribunus
1013 2837 1201 2880 militum
1228 2837 1423 2893 [legionis
1445 2837 1596 2892 XXII]
1620 2838 1909 2892 Primigeniae

177 2905 279 2959 (non
316 2907 414 2946 ante
450 2904 488 2947 C
493 2904 722 2960 laudium),
764 2905 879 2962 l[eg].
920 2907 1076 2949 missus
1115 2906 1170 2949 ad
1211 2908 1473 2963 principem,
1515 2906 1684 2961 legatus
1725 2920 1801 2961 pro
1844 2921 1906 2961 pr.

177 2971 378 3027 Africae,
418 2972 586 3026 legatus
617 2973 711 3030 [pro
743 2974 823 3030 pr.]
852 2974 1003 3029 Asiae,
1036 2982 1262 3031 quaestor,
1296 2974 1495 3017 tribunus
1530 2974 1692 3031 plebis,
1733 2980 1908 3029 praetor

176 3044 204 3083 t.
244 3041 438 3083 urbanus
475 3040 543 3083 VI
566 3045 684 3086 1440.
728 3042 813 3085 -De
852 3046 989 3085 aetate
1028 3043 1146 3085 tituli
1179 3047 1359 3098 propter
1398 3043 1730 3098 samolenaentam
1771 3056 1907 3096 supra

175 3113 450 3151 memoratam
477 3123 563 3152 non
591 3113 700 3153 recte
728 3110 892 3153 iudicat
921 3110 1183 3167 Boryhesias
1213 3112 1238 3156 Z.
1271 3126 1303 3154 c.

120 3178 148 3220 3
177 3177 230 3219 L.
271 3176 484 3219 Laberius
523 3178 743 3220 Maximus
783 3179 890 3238 (Λιβ-
920 3194 1006 3234 pro
1044 3180 1151 3238 Λαβ-
1182 3180 1410 3235 Iosephas;
1439 3193 1702 3234 praenomen
1743 3178 1906 3220 eoehibet

177 3245 312 3288 solum
351 3245 454 3300 dipl.
489 3245 578 3288 mil.
619 3248 725 3289 armi
751 3249 837 3302 83).
898 3248 1033 3291 Pater
1070 3249 1160 3291 eius
1191 3252 1300 3304 pato
1343 3249 1393 3291 L.
1435 3248 1648 3290 Laberius
1688 3246 1904 3288 Maximus

177 3313 330 3356 aedilis
360 3314 619 3357 Lanuvinus
650 3330 687 3357 a.
708 3316 763 3358 42
792 3316 863 3358 vel
893 3318 948 3359 43
973 3317 1053 3359 XI
1058 3317 1236 3361 V2097.
1280 3317 1543 3359 Procurator
1573 3315 1761 3358 Iudaeae
1790 3330 1827 3357 a.
1851 3314 1900 3356 71

161 3398 444 3434 Prosopogrnphia
465 3398 548 3434 Imp.
567 3399 659 3428 Rom.
695 3399 740 3428 11.
1590 3394 1630 3429 17
