2202 3724
245 288 410 325 IVLIVS
1108 280 1128 321 1
1135 280 1190 322 86
1883 287 2049 323 IVLIVS

332 418 497 460 iutricis
529 420 556 459 t.
579 419 616 459 1.
638 420 681 459 2.
702 418 742 458 3.
803 414 968 456 Censor
998 415 1185 457 civitatis
1215 415 1447 457 Remorum
1477 414 1721 458 foederatae
1748 419 1776 458 t.
1797 419 1836 458 1.
1856 420 1897 461 3.
1945 417 2049 460 Pro-

333 492 505 528 curator
542 486 643 540 imp.
683 484 858 526 Nervae
898 483 1074 525 Traiani
1111 482 1233 526 Caes.
1264 482 1378 538 Aug.
1412 483 1660 527 Germanici
1697 484 1850 527 Dacici
1885 485 2050 542 Optimi

333 554 378 608 (i.
410 567 442 596 e.
473 555 521 594 ut
548 551 711 594 violetur
739 552 850 593 inter
881 565 919 595 a.
941 554 1022 593 114
1052 554 1091 593 et
1119 553 1217 607 116)
1248 552 1498 607 provinciae
1518 550 1721 594 Asturiae
1751 559 1793 595 et
1811 550 2052 596 Callaeciae

332 625 360 665 t.
381 624 420 663 3.
467 621 680 662 Incertum
710 633 793 673 qua
813 618 1044 673 parentela
1073 632 1166 661 euni
1194 619 1270 662 hoe
1301 620 1543 662 coniunctus
1568 620 1643 675 (an
1661 620 1818 676 idem&
1838 621 1895 664 D.
1916 621 2052 665 Iulius

334 688 500 744 Capito,
534 688 590 729 D.
621 687 663 741 f.,
696 686 812 729 tribu
840 686 969 742 volt„
1001 701 1152 742 augur,
1183 687 1341 729 duovir
1369 689 1520 743 aerari,
1561 687 1718 730 flamen
1746 688 1913 745 Martis,
1953 689 2051 733 trib.

331 756 453 799 milit.
486 759 513 799 t.
543 755 801 798 Genavensis
829 755 938 798 XII
958 758 1081 799 2613.

261 850 318 854 -
360 824 433 866 *Q
466 829 631 865 IVLIVS
662 829 988 865 CAPITOLINVS
1018 837 1055 865 v.
1086 829 1427 866 CAPITOLINVS.

252 893 332 936 168
363 892 498 935 Iulius
529 891 667 934 Carus
708 890 844 945 (Cari-
864 905 949 945 pro
980 891 1083 934 Car·
1115 891 1319 947 traditur)
1358 891 1479 934 miles
1518 891 1800 947 legionarius,
1832 894 1906 949 qui
1935 909 1973 938 a.
1997 894 2052 938 69

333 961 383 1003 T.
412 960 591 1002 Vinium
619 958 834 1001 interfecit
869 959 967 1003 Tae.
988 958 1028 1003 h.
1050 962 1089 1010 1,
1110 962 1181 1003 42.

251 1030 332 1072 169
362 1034 527 1070 IVLIVS
560 1033 830 1069 CASSIANVS
872 1029 942 1069 cui
979 1028 1295 1084 rescripserunt
1326 1027 1514 1070 Severus
1544 1034 1586 1070 et
1619 1027 1866 1072 Antoninus
1895 1029 1950 1071 de
1978 1044 2052 1072 reo

335 1096 478 1152 aliquo
508 1096 755 1151 maiestatis,
785 1111 957 1152 praeses
987 1097 1236 1152 provinciae
1265 1102 1369 1152 puto
1399 1096 1471 1138 vel
1500 1097 1776 1152 magistratus
1798 1098 2055 1141 Marcianus

333 1164 435 1218 Diy.
456 1166 523 1215 48,
544 1167 583 1214 4,
603 1166 643 1206 5.

261 1258 320 1264 —-
365 1239 405 1275 C.
437 1238 602 1274 IVLIVS
636 1238 875 1275 CASTINVS
910 1246 946 1277 v.
980 1239 1020 1277 C.
1051 1239 1216 1275 IVLIVS
1249 1239 1512 1275 SEPTIMIVS
1545 1239 1797 1278 GASTINVS.

253 1302 335 1345 170
365 1302 569 1357 IVL(IVS)
611 1307 793 1344 CASTVS
833 1300 1001 1356 legatus
1041 1301 1253 1343 Thraciae
1293 1301 1374 1343 sub
1415 1301 1648 1344 Commodo
1686 1303 1848 1344 nummi
1885 1303 2054 1345 umbium

342 1370 651 1413 Thraeiearuni
670 1370 876 1412 Anchiali
906 1368 1120 1422 (Mionnet
1146 1370 1192 1414 S.
1215 1370 1277 1412 II
1295 1373 1393 1421 218,
1417 1372 1498 1427 78),
1531 1371 1871 1425 Hadrianopolis
1891 1371 2054 1427 (Mion-

333 1442 405 1482 net
436 1438 484 1482 S.
515 1439 577 1481 II
597 1442 692 1489 308,
724 1442 931 1489 646-309,
963 1438 1082 1493 650),
1123 1438 1354 1481 Pautaliae
1394 1439 1609 1494 (Mionnet
1638 1439 1684 1483 S.
1716 1439 1777 1482 II
1797 1442 1890 1491 373,
1921 1443 2054 1492 1009,-

336 1507 449 1551 Brit.
474 1507 590 1551 Mus.
615 1522 661 1561 p.
683 1510 774 1557 143,
796 1506 878 1561 14).

254 1577 353 1619 170²
376 1576 427 1619 L.
459 1575 632 1630 Iul(ius)
664 1575 810 1618 Cat...
841 1589 1013 1630 proc...
1042 1567 1240 1630 previne.
1270 1575 1332 1617 II
1352 1576 1476 1618 3532.
1628 1631 1631 1633 q

253 1645 331 1687 171
365 1651 408 1686 L.
440 1650 606 1685 IVLIVS
638 1649 792 1685 CATVS
823 1643 958 1685 frater
983 1642 1157 1685 Arvalis
1188 1648 1413 1698 cooptatus
1444 1658 1482 1687 a.
1515 1643 1609 1696 118,
1641 1641 1876 1698 proflamen
1902 1658 1940 1685 a.
1972 1643 2054 1686 120

337 1715 416 1755 aet.
447 1711 551 1756 Arv.

256 1780 338 1823 172
369 1780 504 1823 Iulius
536 1780 734 1824 Celsinus
763 1780 965 1836 Numida,
997 1781 1159 1822 amicus
1189 1780 1422 1822 Frontonis
1453 1786 1495 1823 et
1524 1780 1656 1824 Gellii
1679 1780 1841 1824 Gellius
1861 1783 1926 1831 19,
1950 1783 1988 1831 7,
2007 1783 2053 1824 2.

338 1852 404 1900 19,
432 1853 497 1900 10,
529 1853 566 1894 1.
594 1853 659 1892 11.

265 1942 324 1948 -
367 1924 532 1959 IVLIVS
575 1923 781 1959 CELSVS:
823 1931 921 1959 eum
950 1917 1199 1960 Hadrianus
1239 1918 1284 1959 in
1323 1916 1499 1959 consilio
1537 1916 1689 1959 habuit
1714 1918 1784 1961 vit.
1817 1916 1956 1960 Haar.
1987 1919 2054 1960 18.

338 1985 384 2028 V.
415 1992 457 2027 P.
486 1992 755 2028 IVVENTIVS
788 1991 972 2028 CELSVS
1004 1992 1047 2028 T.
1077 1991 1313 2027 AVFIDIVS
1342 1990 1565 2027 HOENIVS
1598 1991 1925 2027 SEVERIANVS.

255 2054 335 2096 173
364 2053 500 2095 Iulius
543 2052 693 2096 Celsus
733 2054 954 2108 tribunus,
997 2054 1042 2095 in
1082 2068 1298 2095 carcerem
1336 2059 1512 2109 propter
1551 2054 1785 2096 amicitiam
1825 2052 1971 2096 Seiani
2007 2059 2056 2095 ut

338 2121 510 2164 videtur
542 2122 772 2176 coniectus,
804 2137 840 2163 a.
862 2123 916 2164 33
940 2136 1063 2164 suam
1093 2123 1185 2178 ipse
1216 2122 1430 2163 cervicem
1460 2121 1669 2177 perfregit
1705 2121 1802 2163 Tae.
1825 2135 1865 2166 a.
1886 2124 1924 2172 6,
1946 2123 2012 2165 14.

254 2190 337 2233 174
367 2189 414 2232 O.
446 2189 582 2232 Iulius
612 2189 777 2232 Celsus,
828 2190 993 2232 Titulus
1022 2189 1327 2244 Daqdunensis,
1360 2204 1428 2244 ap.
1448 2189 1614 2232 Allmer
1642 2192 1682 2232 et
1705 2189 1894 2232 Dissard
1919 2190 2056 2232 muse'e

340 2258 388 2300 de
408 2258 530 2312 Isyon
549 2258 583 2300 Ι
595 2273 644 2312 p.
666 2260 745 2300 135
765 2258 933 2312 (Wlm.
955 2260 1083 2314 1257)
1107 2256 1191 2313 (1),·
1218 2259 1503 2312 fraymentuni
1531 2257 1647 2300 tituli
1675 2258 1772 2312 ayri
1797 2256 2058 2299 Amiternini

338 2326 415 2369 IX
439 2329 547 2369 4453
576 2326 652 2381 (2).
723 2326 885 2369 Nomen
917 2326 1092 2381 plenum
1126 2327 1307 2368 servavit
1346 2329 1372 2370 t.
1404 2329 1430 2368 1
1470 2327 1532 2381 (in
1569 2329 1597 2370 t.
1627 2329 1659 2369 2
1696 2339 1781 2368 non
1820 2328 1935 2368 extat
1970 2325 2058 2368 nisi

340 2395 388 2438 C.
410 2394 546 2436 Iulius
568 2427 577 2436 .
596 2427 606 2437 .
624 2395 667 2449 .).
692 2419 743 2423 —
762 2394 810 2438 C.
831 2394 873 2449 f.‚
906 2395 1022 2437 tribu
1044 2394 1166 2447 Quir.
1190 2398 1217 2439 t.
1238 2398 1276 2439 1.
1329 2394 1515 2437 Curator
1544 2395 1641 2436 viae
1669 2394 1880 2449 lignariae
1909 2394 2055 2436 trium-

340 2462 492 2518 phalis,
515 2462 742 2505 dilectator
762 2477 839 2519 per
859 2462 1162 2519 Aquitanicam
1189 2463 1389 2505 undecim
1410 2462 1603 2518 populos,
1634 2468 1887 2518 procurator
1905 2462 2056 2504 vicesi-

340 2545 435 2573 mae
463 2530 765 2573 hereditatium
795 2546 873 2587 per
902 2532 1145 2587 provincias
1174 2531 1502 2573 Narbonensem
1532 2537 1574 2573 et
1601 2530 1928 2586 Aquitanicam,
1960 2537 2056 2586 pro'-

342 2605 512 2641 curator
541 2598 802 2655 Neaspoleos
834 2605 876 2641 et
903 2598 1111 2641 mausolei
1141 2599 1433 2641 Alexandriae
1463 2601 1490 2642 t.
1517 2601 1555 2642 1.
1617 2598 1879 2640 Procurator
1905 2598 2055 2640 vicesi-

342 2681 439 2708 mae
468 2666 771 2709 hereditatium
791 2667 952 2709 Romae
983 2670 1010 2711 t.
1032 2671 1057 2709 1
1087 2668 1142 2721 of.
1163 2670 1207 2710 2.
1251 2667 1512 2714 Procurator
1540 2666 1785 2721 patrimonii
1817 2668 1845 2708 t.
1867 2668 1919 2724 1..
1951 2666 2055 2708 Pro-

341 2741 514 2777 curator
542 2736 863 2790 provinciarum
891 2735 1228 2790 Lugudunensis
1257 2741 1298 2776 et
1325 2734 1611 2790 Aquitanicae
1632 2737 1660 2777 t.
1676 2736 1715 2775 1.
1737 2736 1781 2777 2.
1838 2732 1879 2775 Α
1898 2732 2055 2776 libellis

341 2809 384 2845 et
413 2803 611 2845 censibus
642 2806 670 2846 t.
700 2807 737 2846 1.
769 2807 812 2846 2.

259 2871 339 2913 175
371 2877 412 2914 o,
434 2877 598 2913 IVLIVS
622 2877 744 2913 GELs
753 2877 807 2913 vs
837 2877 1169 2925 MAXIMIANVS,
1193 2870 1242 2914 O.
1264 2870 1292 2914 f.
1316 2869 1447 2925 (filias
1471 2870 1559 2912 eius
1579 2870 1653 2923 qui
1666 2868 1916 2924 praecedit),
1938 2868 2054 2912 tribu

343 2939 490 2993 Quir.;
521 2938 712 2981 adlectus
743 2954 953 2981 annorum
983 2945 1185 2995 quattuor
1223 2939 1268 2980 in
1303 2937 1612 2994 amplissimum
1643 2937 1836 2979 ordinem
1865 2937 1922 2979 ab
1952 2937 2054 2993 imp.

343 3007 562 3049 Antonino
594 3008 671 3049 Pio
703 3011 730 3051 t.
753 3007 1044 3062 Isaydunensis
1072 3008 1157 3061 ipsi
1185 3011 1224 3050 et
1244 3007 1370 3062 patri
1397 3006 1624 3049 eommunis
1652 3005 1723 3060 (of.
1743 3005 1819 3048 sub
1841 3005 1999 3060 patre).

261 3076 341 3118 176
372 3082 434 3119 TI.
457 3081 621 3117 IVLIVS
644 3082 827 3117 CELSVS
850 3081 1220 3117 POLEMAEANVS
1243 3075 1406 3129 (nomen
1426 3074 1600 3128 plenum
1630 3073 1794 3116 exhibet
1818 3076 1846 3117 t.
1865 3073 2056 3116 urbanus

349 3142 495 3187 CIGr.
524 3146 633 3185 1966
661 3162 717 3177 =
747 3143 883 3185 Insor.
912 3142 990 3185 Gr.
1022 3142 1141 3185 Sicil.
1173 3142 1274 3185 Ital.
1300 3144 1424 3197 1966)
1434 3155 1447 3192 ;
1478 3174 1487 3183 .
1507 3174 1542 3184 ..
1574 3140 1724 3184 Celsus
1762 3139 2054 3183 Polometinus

346 3211 447 3266 dipl.
468 3211 554 3253 mil.
578 3226 617 3253 a.
640 3215 698 3254 92
726 3211 835 3253 male
856 3211 1120 3265 descriptum,
1152 3211 1218 3254 Ti.
1247 3211 1270 3252 I
1287 3243 1296 3252 .
1315 3242 1324 3252 .
1342 3242 1351 3252 .
1370 3243 1379 3252 .
1410 3210 1517 3264 fasti
1543 3209 1649 3265 Ost.)
1676 3207 1822 3250 consul
1853 3208 2054 3250 suffectus

343 3296 380 3322 a.
410 3281 465 3322 92
502 3294 650 3321 mense
687 3279 789 3321 Mai.
831 3285 872 3321 et
915 3278 1241 3335 insequentibus
1285 3293 1383 3320 cum
1431 3278 1482 3320 L.
1524 3277 1729 3320 Stertinio
1774 3275 1904 3318 Avito
1948 3276 2056 3330 fasti

352 3348 559 3391 Ostienses
581 3347 722 3403 (XIV
732 3350 816 3391 245
842 3348 896 3401 ef.
917 3347 1006 3402 eph.
1029 3362 1091 3402 ep.
1115 3350 1143 3389 7
1161 3361 1209 3401 p.
1229 3349 1310 3389 355
1339 3360 1379 3390 n.
1402 3349 1550 3403 1190);
1572 3345 1672 3400 dipl.
1695 3344 1782 3387 mil.
1805 3358 1844 3387 a.
1861 3346 1921 3388 92
1948 3343 2054 3399 (ΙΙΙ

345 3431 393 3470 p.
415 3418 527 3472 858).
580 3415 651 3458 Ad
681 3431 828 3459 servos
860 3416 950 3458 eius
980 3422 1144 3471 spectat
1175 3418 1201 3457 t.
1231 3415 1423 3458 urbanus
1449 3428 1582 3469 supra
1612 3414 1779 3457 citatus.
