2202 3724
139 283 305 321 IVLIVS
1007 275 1090 318 205
1791 281 1956 318 IVLIVS

311 411 453 456 Arabs
492 412 564 454 vit.
594 411 804 456 Gordian.
835 414 915 462 29,
948 415 987 462 1,
1031 426 1087 453 ex
1125 410 1292 453 Arabia
1332 411 1540 453 oriundus
1581 411 1778 454 Zosimus
1807 414 1853 461 1,
1888 413 1955 461 18,

223 481 366 525 Arabs
387 480 671 523 Trachonites
692 480 796 522 Vict.
819 479 939 523 Caes.
955 482 1016 523 28
1035 479 1216 538 (ὥρμητο
1238 478 1273 521 δ’
1295 480 1340 522 ἐκ
1361 478 1550 537 Βόστρων
1569 480 1768 522 Zonaras
1784 483 1853 530 12,
1870 481 1955 534 19),

226 549 378 593 humili
408 549 503 591 loco
533 556 660 591 natus
691 548 795 593 Vict.
819 550 915 602 epit.
938 550 1009 592 28.
1061 547 1237 591 Videtur
1255 550 1384 590 natus
1403 561 1489 590 esse
1508 549 1555 590 in
1583 562 1629 591 eo
1652 549 1742 590 vico
1763 547 1959 590 Arabiae

225 618 348 662 hodie
378 618 489 660 dicto
514 617 724 668 Schehbe,
764 618 838 671 qui
876 617 1049 659 testibus
1090 616 1225 659 titulis
1264 616 1328 658 ibi
1356 617 1597 659 extantibus
1627 619 1666 658 et
1692 617 1873 658 nummis
1904 617 1957 658 ab

226 701 274 730 eo
294 690 448 741 postea
478 686 642 728 colonia
676 686 904 728 constituta
928 689 987 728 est
1008 686 1084 728 sub
1105 686 1271 728 nomine
1291 685 1622 740 Philippopolis,
1647 685 1699 739 cf.
1727 685 1957 740 Waddiny-

228 759 300 798 ton
325 755 384 798 ad
402 755 542 798 Lebas
560 758 599 805 3,
622 758 741 798 2072
770 753 814 806 (a
837 754 1044 808 Philippo
1066 768 1112 796 eo
1135 754 1223 796 loco
1243 754 1320 796 ubi
1337 756 1464 796 natus
1494 756 1588 796 erat
1617 754 1763 795 urbem
1791 754 1958 795 nomine

226 823 563 878 Philippopolim
589 823 801 865 conditam
831 835 916 865 esse
946 825 1103 864 narrat
1132 823 1259 864 etiam
1289 822 1393 866 Zon.
1424 824 1495 873 12,
1526 825 1593 873 19,
1626 821 1957 876 Philippopolim

226 894 270 935 in
291 892 462 934 Arabia
486 891 710 943 conditam,
738 891 881 933 Victor
903 890 1022 934 Caes.
1040 893 1123 942 28;
1147 905 1232 933 non
1251 894 1362 933 recte
1378 890 1720 945 Philippopolim
1745 890 1959 932 Thraciae

227 962 281 1004 ab
313 975 358 1004 eo
389 961 657 1003 constitutam
694 959 961 1002 crediderunt
990 959 1277 1014 Hieronymus
1306 959 1447 1002 chron.
1480 959 1539 1001 ad
1571 974 1610 1002 a.
1641 959 1749 1001 Abr.
1773 962 1890 1002 2264
1920 962 1959 1001 et

226 1029 436 1072 Iordanes
464 1028 587 1071 Rom.
616 1030 732 1083 283).
766 1053 819 1057 -
849 1027 979 1070 Pater
1017 1027 1214 1070 Marinus
1255 1031 1283 1072 t.
1314 1042 1401 1082 rep.
1432 1028 1479 1069 in
1516 1028 1606 1070 vico
1645 1027 1720 1070 illo
1749 1027 1955 1081 Arabiae,

225 1098 393 1140 Lebas·
405 1096 690 1152 Waddinyton
705 1098 818 1139 2075
835 1094 906 1150 (cf.
924 1109 1058 1150 supra
1071 1110 1113 1138 n.
1127 1097 1246 1150 272),
1264 1095 1555 1138 nobilissimus
1577 1095 1795 1138 latronum
1809 1095 1960 1138 doctor

227 1166 329 1210 Vict.
360 1167 458 1220 epit.
488 1168 559 1209 28.
619 1166 671 1207 In
701 1164 843 1207 locum
873 1164 922 1208 C.
953 1165 1075 1207 Furii
1107 1164 1274 1207 Sabinii
1305 1164 1492 1221 Aquilae
1522 1164 1786 1219 Timisithei‚
1830 1179 1958 1221 quem

229 1236 321 1292 ipse
351 1234 578 1277 dicebatur
607 1249 685 1290 per
713 1232 905 1275 medicos
935 1232 1158 1275 sustulisse
1186 1234 1259 1275 vit.
1289 1232 1422 1275 Gord.
1444 1236 1525 1284 28,
1562 1232 1806 1289 praefectus
1836 1247 1958 1290 prae-

226 1304 336 1346 torio
357 1302 497 1346 factus
517 1318 555 1346 a.
573 1303 657 1345 243
676 1303 749 1344 vit.
769 1301 902 1346 Gord.
924 1305 995 1352 29,
1017 1305 1056 1352 1,
1090 1301 1246 1344 Zosim.
1263 1305 1301 1352 1,
1324 1304 1391 1352 18,
1425 1301 1582 1343 Zonar.
1604 1305 1674 1352 12,
1696 1303 1752 1343 18
1777 1301 1830 1355 cf.
1853 1301 1957 1343 Vict.

225 1371 345 1415 Caes.
365 1375 437 1422 27,
459 1375 498 1422 8,
531 1372 628 1426 epit.
648 1374 719 1422 27,
741 1374 784 1421 2,
817 1370 921 1424 Rus.
943 1370 1100 1413 Festus
1127 1374 1202 1421 22,
1235 1370 1519 1425 Hieronymus
1548 1370 1606 1412 acl
1637 1385 1676 1412 a.
1709 1370 1817 1412 Abr.
1840 1372 1960 1413 2257

229 1439 405 1493 (annum
433 1440 598 1483 indicat
625 1440 715 1482 vita
741 1439 874 1482 Gord.
895 1441 984 1496 29).
1026 1439 1312 1493 Praefectura
1333 1438 1535 1493 Philippi
1552 1442 1810 1481 memoratur
1831 1438 1958 1481 etiam

226 1510 274 1552 in
303 1513 331 1553 t.
364 1509 617 1564 Palmyreno
644 1507 714 1551 CI
714 1508 792 1552 Gr.
821 1511 931 1551 4483
960 1528 1016 1543 =
1046 1508 1514 1563 Lebas-Waddinyton
1542 1511 1668 1552 2598.
1724 1505 1883 1549 Milites
1914 1507 1959 1548 in

230 1578 502 1623 Gordianum
542 1578 715 1632 incitat3
747 1576 968 1621 Gordiano
1010 1577 1237 1620 interfecto
1269 1577 1504 1633 imperator
1534 1575 1747 1619 salutatur
1777 1575 1834 1630 (a.
1856 1575 1958 1629 244)

228 1647 384 1690 Zosim.
415 1650 453 1697 1,
485 1649 551 1697 19,
584 1646 744 1689 Zonar.
775 1649 845 1696 12,
875 1648 931 1687 18
971 1646 1026 1699 cf.
1067 1645 1172 1689 Vict.
1205 1645 1325 1688 Caes.
1356 1649 1428 1696 27,
1460 1648 1500 1696 8,
1533 1645 1631 1700 epit.
1662 1648 1734 1695 27,
1765 1647 1809 1694 2,
1849 1643 1956 1697 Rus.

227 1715 342 1760 Fest.
374 1719 458 1766 22,
489 1715 670 1769 Eutrop.
696 1718 734 1765 9,
756 1718 799 1764 2,
831 1713 1047 1756 Ammian.
1069 1714 1213 1757 Marc.
1234 1717 1305 1765 23,
1326 1717 1366 1765 5,
1388 1717 1454 1764 17,
1487 1714 1721 1770 imperator
1750 1712 1958 1754 salutatus

229 1784 503 1829 Gordianum
533 1783 716 1826 interfici
745 1781 867 1825 iubet
894 1783 967 1826 vit.
996 1781 1130 1825 Gord.
1151 1784 1221 1825 29.
1253 1785 1320 1826 30.
1372 1780 1536 1824 Consul
1566 1780 1657 1823 ord.
1689 1797 1727 1823 a.
1749 1782 1833 1824 245
1860 1795 1959 1822 cum

229 1853 416 1907 Titiano,
449 1851 600 1895 consul
618 1852 664 1894 H
689 1866 727 1894 a.
747 1851 830 1894 247
863 1866 962 1893 cum
981 1850 1041 1893 M.
1063 1850 1174 1893 Iulio
1196 1850 1398 1906 Philippo
1424 1849 1526 1905 filio,
1558 1849 1708 1892 consul
1729 1850 1796 1892 III
1817 1864 1854 1892 a.
1874 1849 1957 1892 248

227 1936 326 1963 cum
351 1920 504 1963 eodem
534 1921 692 1962 iterum
722 1920 841 1973 fasti.
883 1918 1110 1962 Profectus
1132 1925 1284 1961 contra
1304 1919 1503 1969 Decium,
1527 1917 1739 1960 occiditur
1759 1918 1960 1959 Veronae

229 1992 286 2044 (a.
308 1989 410 2042 249)
442 1989 546 2031 Vict.
574 1988 694 2031 Caes,
715 1990 786 2038 28,
820 1988 916 2042 epit.
938 1990 1010 2038 28,
1042 1988 1225 2042 Eia-trop.
1252 1990 1290 2037 9,
1313 1991 1354 2038 3,
1386 1986 1731 2041 chronoyraphus
1757 1987 1862 2028 anni
1879 1988 1960 2028 354

229 2057 316 2113 (ap.
339 2058 537 2100 Momms.
560 2057 702 2100 chron.
722 2058 824 2099 min.
856 2057 890 2098 I
904 2071 951 2111 p.
976 2059 1072 2110 147)
1105 2057 1159 2110 cf.
1191 2056 1347 2100 Zosim.
1370 2059 1409 2106 1,
1431 2059 1507 2105 22,
1540 2056 1700 2099 Zonar.
1723 2057 1792 2105 12,
1816 2058 1881 2097 19.
1903 2079 1960 2084 ——

229 2128 476 2177 Rumorem,
498 2126 779 2168 christianum
801 2140 899 2168 eum
919 2125 1055 2167 fuisse
1076 2132 1118 2167 et
1139 2124 1193 2166 ab
1215 2139 1266 2167 eo
1288 2125 1363 2181 qui
1389 2131 1494 2166 tunc
1525 2124 1751 2174 ecclesiam
1783 2123 1960 2178 regebat

228 2197 363 2239 sacris
392 2195 660 2253 prohibitum
691 2195 828 2238 donec
858 2194 1179 2249 exomologesin
1201 2193 1373 2236 fecisset
1393 2199 1603 2235 memorat
1621 2193 1779 2236 Euseb.
1800 2192 1839 2236 h.
1863 2192 1959 2234 eccl.

227 2268 266 2316 6,
295 2267 373 2316 34;
411 2263 694 2306 christianum
730 2263 864 2305 fuisse
903 2262 1103 2305 adfirmat
1141 2262 1317 2305 Orosius
1348 2265 1385 2312 7,
1415 2264 1487 2305 20.
1519 2286 1577 2290 -
1604 2261 1750 2304 Uxor:
1794 2260 1960 2303 Marcia

229 2332 415 2376 Otacilia
446 2332 632 2386 Severa3
659 2331 797 2374 filius:
828 2331 888 2374 M.
919 2330 1055 2373 Iulius
1086 2330 1314 2387 Philippus
1344 2327 1435 2384 (qui
1462 2329 1680 2383 sequitur).

142 2403 226 2446 308
256 2409 310 2445 Μ.
341 2408 507 2444 IVLIVS
539 2406 797 2443 PHILIPPVS
828 2400 892 2442 vel
921 2407 974 2442 M.
1000 2406 1166 2442 IVLIVS
1200 2406 1426 2442 SEVERVS
1458 2404 1716 2440 PHILIPPVS
1749 2403 1957 2452 CAESAR,

229 2475 383 2527 postea
413 2477 515 2512 IMP.
549 2475 745 2512 CAESAR
774 2476 827 2514 M.
859 2475 1026 2511 IVLIVS
1058 2474 1316 2510 PHILIPPVS
1347 2467 1411 2510 vel
1442 2473 1667 2509 SEVERVS
1698 2473 1957 2508 PHILIPPVS

226 2546 341 2582 AVG.
371 2539 431 2584 M.
459 2539 595 2582 Iulius
626 2538 853 2595 Philippus
883 2537 1044 2580 nummi
1073 2541 1113 2580 et
1142 2537 1258 2579 tituli
1277 2536 1486 2591 plerique,
1517 2535 1577 2580 M.
1604 2534 1740 2577 Iulius
1772 2534 1959 2578 Severus

229 2607 457 2665 Philippus
503 2611 530 2652 t.
576 2607 832 2650 Albonensis
872 2607 961 2649 III
991 2609 1100 2649 3049
1145 2609 1185 2648 ct
1226 2606 1389 2647 nummi
1430 2605 1648 2647 civitatum
1692 2602 1956 2657 quarundam

228 2676 510 2732 Pamphyliae
548 2675 720 2731 (Kohne
750 2675 956 2718 Zeitschr.
995 2675 1029 2728 f.
1069 2673 1343 2716 Munzhunde
1373 2676 1410 2723 6,
1453 2675 1562 2715 1846
1592 2687 1640 2727 p.
1674 2675 1776 2722 122,
1817 2671 1959 2713 Revuc

227 2746 421 2788 numism.
452 2747 561 2787 1853
580 2758 630 2799 p.
652 2747 722 2786 30.
748 2743 837 2798 32),
877 2743 952 2786 sed
989 2743 1078 2798 ipse
1108 2742 1256 2786 Severi
1293 2742 1534 2796 coynomine
1570 2741 1779 2782 abstinere
1807 2739 1959 2781 maluit

229 2814 402 2856 testibus
422 2812 723 2868 diplomatibus
740 2812 1014 2855 militaribus.
1055 2802 1544 2868 Philippus-scriptore&
1578 2808 1626 2852 O.
1646 2808 1782 2851 Iulius
1807 2808 1956 2851 Satur-

228 2883 356 2925 ninus
388 2882 530 2924 Victor
559 2882 656 2936 epit.
678 2883 750 2931 28,
777 2882 916 2923 nescio
945 2894 1028 2934 quo
1057 2894 1211 2922 errore.

313 2950 450 2993 Filius
495 2951 586 2992 eius
632 2951 706 3007 qui
746 2949 967 3006 praecedit
1011 2950 1251 3004 (cognomen
1296 2948 1463 2998 Severi,
1507 2946 1557 2989 de
1595 2960 1675 3000 quo
1715 2946 1769 2999 cf.
1810 2959 1955 3000 snpra,

229 3020 364 3062 traxit
400 3020 492 3062 sine
531 3018 657 3061 dubio
699 3033 727 3060 a
764 3022 901 3061 matre
942 3018 1122 3060 Marcia
1169 3017 1357 3060 Otacilia
1397 3015 1596 3070 Severa),
1639 3021 1766 3056 natus
1805 3029 1842 3058 a.
1874 3014 1955 3056 237

229 3087 296 3130 vel
329 3088 413 3131 238
444 3088 626 3145 (quippe
655 3102 816 3130 annum
846 3101 979 3143 agens
1008 3086 1311 3129 duodecimum
1342 3100 1440 3127 cum
1480 3083 1749 3126 occideretur
1786 3098 1823 3124 a.
1855 3083 1956 3136 249)

230 3155 384 3200 Victor.
406 3156 504 3211 epit.
526 3159 596 3199 28.
643 3155 684 3198 Α
714 3162 838 3212 patre
869 3155 1031 3198 Caesar
1060 3154 1199 3197 factus
1230 3154 1374 3196 Zosim
1407 3157 1446 3203 1,
1468 3155 1541 3207 22,
1575 3167 1601 3194 a
1631 3157 1754 3207 patre
1785 3151 1828 3191 in
1858 3165 1956 3191 con-

230 3226 410 3267 sortium
447 3225 618 3281 imperii
657 3224 911 3281 adsumptus
942 3224 1085 3266 Victor
1111 3222 1230 3267 Caes.
1257 3225 1327 3273 28,
1361 3223 1458 3277 epit.
1485 3223 1555 3271 28,
1588 3219 1871 3272 Hieronymus
1902 3217 1960 3260 ad

229 3307 270 3337 a.
291 3293 399 3337 Abr.
420 3296 549 3344 2261,
579 3293 700 3336 Oros,
723 3297 762 3343 7,
783 3296 855 3342 20,
877 3297 915 3343 1,
948 3307 1044 3334 cum
1076 3299 1197 3348 patre
1230 3293 1462 3347 imperator
1490 3289 1627 3331 factus
1649 3287 1828 3340 Eutrop.
1851 3289 1889 3336 9,
1911 3289 1957 3336 3;

228 3361 344 3403 tituli
363 3361 584 3404 ostendunt
607 3375 699 3403 eum
722 3362 912 3416 primum
940 3361 1166 3403 Caesarem
1187 3362 1350 3402 tantum
1372 3358 1526 3400 dictim!
1554 3356 1698 3411 fuisse,
1720 3355 1954 3409 Augus-tum
