2202 3724
163 289 355 326 MARIVS
1032 285 1115 328 347
1782 296 1972 332 MARIVS

243 421 493 476 provinciae
522 420 699 464 Africae
730 425 758 465 t.
788 425 828 464 3.
859 425 898 466 5.
928 426 965 466 6.
1026 423 1265 466 Proconsul
1294 423 1426 467 Asiae
1458 428 1485 469 t.
1515 427 1555 468 5.
1587 428 1629 476 7,
1671 424 1899 469 Caracalla
1928 428 1973 470 in

243 487 350 531 Asia
373 496 567 532 morante
598 489 654 543 (a.
674 491 776 533 circ.
798 491 944 545 214s5)
969 494 997 533 t.
1021 495 1048 534 7
1068 491 1248 547 a‘z‘detur
1271 493 1381 535 enim
1411 494 1456 535 in
1485 493 1562 536 hoc
1593 497 1620 539 t.
1644 495 1973 548 proconsulatus

242 558 396 600 mentio
426 558 484 600 acl
509 558 763 601 Caracallae
783 559 992 617 ἐπιδημίαν
1023 564 1224 615 spectare,
1256 575 1340 604 non
1371 562 1429 604 acl
1458 565 1617 616 tempus
1641 577 1721 617 quo
1752 566 1780 605 t.
1804 565 1973 618 positus

243 624 345 679 est),·
388 626 618 682 proconsul
660 629 909 684 provinciae
948 628 1080 671 Asiae
1126 630 1280 672 iterum
1326 630 1533 686 (intelleye
1568 646 1652 685 per
1696 631 1799 674 duos
1841 647 1972 675 annos

242 693 473 745 continuos)
505 697 532 739 t.
558 698 598 738 3.
629 698 655 738 6
685 696 1033 750 (proconsulatus
1068 701 1157 739 tam
1194 698 1377 752 Africae
1412 713 1539 752 quam
1571 699 1705 742 Asiae
1740 701 1973 744 anteriores

241 774 326 804 6336
356 776 467 804 anno
496 766 587 806 223
616 764 795 806 ostendit
824 767 852 806 t.
874 768 900 807 6
920 765 1047 819 plene
1077 765 1236 821 lectus).
1281 766 1533 809 Praefectus
1562 767 1660 810 urbi
1691 771 1719 813 t.
1740 771 1780 813 3.
1810 772 1850 811 4.
1870 771 1910 811 5.
1931 772 1969 819 6,

242 830 288 871 in
327 829 470 872 locum
510 831 703 874 Adventi
744 831 884 874 faetus
925 847 950 874 a
990 833 1185 875 Macrino
1221 849 1260 877 a.
1296 835 1378 878 217
1417 834 1506 877 Dio
1543 838 1610 886 78,
1642 840 1707 880 14.
1772 836 1972 893 Epistula

240 898 424 941 Macrini
456 899 512 941 ad.
542 915 640 942 eum
669 899 758 942 Dio
787 903 851 950 78,
871 903 938 945 36.
962 904 1025 952 79,
1047 905 1091 945 2.
1147 901 1311 945 Consul
1341 904 1498 946 iterum
1528 907 1557 946 t.
1587 907 1625 946 5.
1657 907 1695 954 6,
1728 904 1971 947 ordinarius

240 982 279 1009 a.
300 969 383 1010 223
410 982 509 1010 cum
528 968 581 1012 L.
603 969 758 1011 Roscio
789 968 952 1011 Paculo
986 970 1159 1026 Papirio
1186 970 1368 1013 Aeliano
1399 972 1518 1026 fasti.
1542 999 1594 1004 —
1614 972 1779 1015 Romae
1807 973 1971 1016 videtur

241 1035 497 1079 habitavisse
516 1037 563 1078 in
581 1040 718 1079 monte
741 1036 901 1088 Caelio,
926 1038 1099 1080 testibus
1121 1039 1256 1081 titulis
1286 1043 1314 1081 t.
1336 1044 1373 1083 1.
1395 1043 1439 1084 2.
1460 1043 1487 1082 4
1517 1041 1592 1094 qui
1620 1055 1667 1083 eo
1698 1041 1785 1083 loco
1814 1043 1973 1096 reperti

241 1107 351 1148 sunt.
367 1129 426 1135 —
445 1104 634 1148 Curator
653 1106 715 1147 rei
736 1120 778 1161 p.
800 1106 1143 1149 Faventinorum
1165 1111 1193 1149 t.
1210 1111 1248 1152 1.
1281 1109 1497 1150 Patronus
1520 1115 1563 1150 et
1583 1116 1755 1151 curator
1777 1109 1970 1152 coloniae

239 1171 579 1215 Ardeatinorum
618 1176 646 1216 t.
677 1176 716 1216 6.
776 1174 993 1216 Patronus
1029 1174 1387 1230 (Veliternorum)
1426 1179 1453 1218 t.
1488 1178 1527 1219 5.
1560 1201 1614 1207 —
1646 1177 1831 1234 Scripsit
1859 1179 1969 1221 vitas

241 1242 545 1297 imperatorum
585 1242 814 1296 scriptores
851 1242 949 1287 hist.
990 1243 1101 1299 Auy.
1133 1245 1324 1299 passim,
1370 1261 1396 1287 a
1432 1245 1579 1288 Nerva
1616 1246 1743 1290 schol.
1778 1247 1968 1289 Juvenal.

237 1312 277 1359 4,
307 1312 372 1360 53,
405 1324 543 1366 usque
573 1310 630 1352 ad
657 1309 947 1365 Elagabalum
974 1312 1046 1354 vit.
1079 1312 1246 1367 Helioy.
1274 1316 1340 1364 11,
1364 1317 1403 1356 6.
1453 1313 1720 1369 Fraqmenta
1739 1317 1969 1369 composuit

239 1377 365 1420 Peter
401 1378 699 1421 historicorum
727 1379 852 1422 Rom.
891 1380 1047 1435 fraym.
1080 1395 1128 1435 p.
1159 1384 1372 1426 332-339.
1442 1382 1616 1439 Scripta
1655 1384 1749 1425 eius
1788 1383 1968 1426 multum

238 1444 350 1488 lecta
376 1447 643 1503 temporibus
673 1447 893 1490 Ammiani
922 1448 1063 1491 Amm.
1098 1450 1296 1494 Marcell.
1329 1453 1401 1501 28,
1432 1454 1471 1502 4,
1503 1454 1568 1493 14.
1625 1451 1852 1494 Diversum
1884 1466 1970 1495 esse

238 1515 423 1556 vitarum
441 1515 736 1570 Auyustarum
760 1517 1007 1571 scriptorem
1027 1532 1054 1559 a
1076 1517 1178 1560 duce
1199 1518 1347 1561 Severi
1364 1520 1454 1561 sine
1472 1520 1626 1562 idonea
1643 1523 1692 1562 ut
1710 1524 1817 1574 puto
1839 1534 1970 1563 causa

237 1583 411 1626 coniecit
426 1584 465 1626 I.
480 1584 520 1626 I.
537 1584 699 1627 Muller
718 1599 787 1639 ap.
803 1585 1025 1640 Budtnyer
1045 1586 1208 1630 Unters.
1229 1601 1264 1631 Ζ.
1281 1592 1386 1632 rem.
1404 1588 1606 1643 Kaisery.
1625 1589 1715 1631 ΙΙΙ
1721 1604 1770 1643 p.
1782 1592 1853 1633 32.
1875 1593 1967 1631 173.

165 1675 223 1680 —
268 1650 317 1694 C.
348 1651 606 1708 Lucanfius)
639 1653 826 1696 Severus
857 1654 1061 1710 Mar(ius)
1091 1655 1325 1699 Maximus,

163 1744 222 1749 —
266 1726 309 1770 Q.
340 1727 579 1764 VENIDIVS
610 1728 770 1765 RVFVS
802 1729 992 1765 MARIVS
1023 1724 1292 1779 MAXIM(VS)
1320 1731 1364 1769 L.
1379 1725 1436 1779 (Ῥ)
1470 1731 1823 1768 GALVINIANVS.

165 1813 222 1817 —
266 1789 317 1831 P.
346 1790 500 1832 Besius
530 1791 816 1833 Betuinianus
848 1791 897 1834 C.
927 1792 1093 1835 Marius
1123 1793 1353 1836 Memmius
1386 1794 1588 1838 Sabinus.

151 1857 236 1899 234
265 1863 456 1900 MARIVS
494 1865 655 1901 NEPOS
695 1861 960 1916 praetorius:
1003 1862 1095 1903 eius
1134 1863 1225 1904 aeri
1265 1862 1404 1905 alieno
1450 1865 1667 1906 succurrit
1707 1864 1774 1909 Ti.
1806 1864 1969 1908 Caesar

240 1926 402 1970 Seneca
433 1927 523 1970 ben.
554 1928 615 1970 II
639 1931 676 1970 7.
704 1929 858 1971 'Inter
897 1944 990 1985 θοε,
1034 1944 1143 1986 quos
1183 1931 1389 1988 prodigos
1430 1938 1474 1974 et
1510 1932 1565 1975 ob
1595 1932 1762 1988 flagitia
1793 1940 1966 1989 egentes

237 1998 390 2038 sen'atu
429 1997 566 2039 movit
604 1997 807 2041 Tiberius
847 2005 924 2041 aut
963 2005 1115 2056 sponte
1154 2000 1308 2043 cedere
1347 2016 1502 2058 passus
1541 2008 1605 2044 est
1639 2003 1737 2045 Tac.
1765 2018 1805 2046 a.
1838 2007 1882 2054 2,
1912 2007 1968 2046 48

237 2063 328 2119 (sub
361 2079 400 2107 a.
421 2064 504 2119 17).

151 2133 235 2175 235
264 2132 323 2175 D.
354 2133 520 2176 Marius
550 2134 698 2190 Niger,
730 2136 843 2179 inter
871 2136 1053 2178 heredes
1083 2136 1133 2180 G.
1164 2136 1299 2181 Cestii
1330 2138 1482 2181 ultimo
1513 2139 1606 2182 loco
1641 2140 1710 2183 VI
1732 2143 1852 2183 1375.

150 2201 234 2244 236
264 2208 454 2245 MARIVS
485 2209 776 2247 PERPETVVS
817 2206 894 2261 (sic
924 2209 953 2248 t.
988 2205 1250 2258 Orcistanus,
1283 2208 1533 2262 plerumque
1563 2209 1830 2265 Perpetuus3
1873 2209 1968 2256 Πῖος

235 2270 344 2323 fasti
373 2270 532 2314 Graeci
561 2272 688 2315 alteri
695 2286 709 2324 ,·
745 2288 886 2316 errore
926 2274 1028 2316 olim
1058 2289 1086 2316 a
1113 2276 1330 2319 nonnullis
1370 2277 1506 2319 (lictus
1546 2277 1688 2319 Titius
1724 2278 1966 2334 Perpetuus

237 2339 290 2392 cf.
311 2338 521 2394 Boryhesi
550 2355 644 2395 opp.
665 2344 692 2384 5
712 2356 762 2396 p.
782 2342 881 2397 479)
913 2342 1063 2384 consul
1095 2343 1185 2386 ord.
1217 2359 1254 2388 a.
1277 2345 1361 2387 237
1393 2360 1492 2387 eum
1517 2346 1568 2388 L.
1591 2345 1799 2387 Mummio
1820 2345 1966 2388 Felice

236 2406 494 2450 Corneliano
527 2412 555 2454 t.
585 2410 844 2462 Orc-istanus,
874 2411 1022 2454 Herm.
1043 2414 1107 2455 22
1128 2427 1176 2467 p.
1197 2416 1296 2465 311,·
1325 2414 1444 2468 fasti.
1499 2414 1620 2457 Idem
1649 2415 1832 2468 fortasse
1863 2414 1964 2456 Per-

237 2483 394 2532 petuus
425 2483 599 2533 praetor
627 2477 821 2521 urbanus
852 2479 921 2521 VI
941 2482 1034 2524 316.

152 2544 234 2586 237
266 2550 310 2586 L.
342 2551 532 2587 MARIVS
564 2552 869 2590 PERPETVVS.
920 2547 1086 2590 Titulus
1105 2547 1334 2603 Apulensis
1354 2549 1443 2592 III
1460 2552 1569 2593 1178
1593 2551 1759 2604 positus
1789 2551 1828 2592 ci
1855 2551 1966 2593 inter

236 2626 371 2655 annos
398 2617 484 2658 211
524 2618 565 2657 et
599 2618 694 2659 222
723 2615 795 2671 (1).
853 2616 1125 2659 Memoratur
1162 2618 1207 2660 in
1247 2618 1382 2660 titulis
1411 2619 1560 2673 pontis
1594 2619 1717 2673 fluvii
1741 2620 1966 2663 Chabinae

235 2680 324 2723 III
347 2681 394 2724 S.
425 2684 547 2726 6709.
588 2686 695 2726 6710
727 2682 805 2739 (2).
865 2684 1026 2728 Frater
1066 2686 1250 2739 fortasse
1286 2686 1337 2729 L.
1371 2686 1515 2729 Marii
1545 2687 1737 2730 Maximi
1765 2688 1967 2743 Perpetui

234 2748 478 2794 Aua-eliani.
538 2752 810 2795 Praenomen
849 2753 1014 2796 exhibet
1044 2757 1072 2796 t.
1103 2758 1142 2796 1.
1204 2753 1383 2797 Gursum
1420 2755 1625 2798 honorum
1665 2756 1830 2800 exhibet
1864 2760 1890 2801 t.
1922 2761 1962 2808 1,

238 2818 284 2859 in
326 2832 407 2872 quo
451 2823 591 2863 tamen
634 2820 812 2864 honores
855 2822 967 2864 inter
1015 2826 1286 2876 quaesturam
1332 2827 1371 2866 et
1418 2825 1680 2867 consulatum
1724 2826 1966 2880 capessendi

238 2887 508 2939 omittuntur,
547 2903 600 2932 ne
640 2890 881 2933 consulatus
908 2891 1074 2945 quidem
1105 2891 1257 2934 diserte
1287 2896 1558 2935 memoratur.
1619 2893 1839 2936 Tribunus
1870 2894 1963 2936 lati-

238 2953 403 2997 clavius
441 2955 623 3011 legionis
653 2958 744 3000 IIII
785 2958 1046 3015 Scy[thi]cae
1083 2962 1111 3002 t.
1142 2963 1181 3002 1.
1242 2960 1459 3014 Quaestor
1488 2961 1743 3004 candidatus
1774 2962 1962 3017 Augusti

237 3024 265 3064 t.
295 3026 334 3065 1.
393 3023 586 3080 Legatus
615 3025 798 3080 legionis
828 3027 939 3070 XVI
967 3027 1147 3070 Flaviae
1177 3028 1206 3073 f.
1239 3032 1265 3070 t.
1297 3033 1335 3073 1.
1366 3033 1410 3080 2,
1455 3030 1535 3073 sub
1567 3030 1728 3073 Severo
1759 3037 1802 3072 et
1832 3031 1962 3074 Cara-

239 3089 350 3133 calla
370 3091 426 3146 (a.
449 3093 566 3136 204?
587 3094 661 3136 sed
676 3096 844 3138 numeri
863 3096 1122 3150 perturbati,
1145 3097 1199 3151 cf.
1224 3098 1462 3141 Mommsen
1482 3099 1541 3141 acl
1560 3099 1607 3153 t.)
1634 3103 1662 3141 t.
1685 3103 1728 3143 2.
1780 3100 1961 3142 Praeses

237 3159 488 3214 provinciae
512 3160 701 3205 Arabiae
722 3166 750 3205 t.
774 3166 812 3207 1.
874 3163 1061 3207 Curator
1091 3180 1237 3208 rerum
1267 3166 1541 3223 publicarum
1568 3167 1960 3210 Urbisalviensium

237 3233 280 3269 et
301 3227 647 3272 Tusculanorum
678 3234 706 3275 t.
728 3234 765 3276 1.
813 3231 995 3286 (Consul
1027 3234 1123 3276 suff.
1146 3249 1183 3278 a.
1206 3235 1322 3290 ine).
1370 3235 1562 3290 Legatus
1592 3234 1779 3289 Augusti
1811 3235 1960 3290 (Oara-

237 3295 372 3338 callae
383 3296 425 3352 ?)
457 3312 534 3353 pro
564 3313 629 3354 pr.
659 3300 909 3355 provinciae
940 3301 1131 3344 Moesiae
1166 3304 1400 3359 superioris
1431 3307 1458 3346 t.
1490 3307 1528 3346 1.
1590 3302 1841 3346 Consularis
1871 3304 1960 3346 Da-

238 3364 405 3407 ciarum
434 3367 567 3408 trium
597 3367 728 3421 (inter
753 3383 888 3410 annos
919 3369 1006 3412 211'
1031 3376 1074 3412 et
1102 3371 1204 3425 222)
1236 3374 1263 3413 t.
1290 3375 1329 3414 1.
