2190 3724
228 283 440 319 FLAVIVS
1102 275 1156 317 76
1821 278 2034 315 FLAVIVS

323 413 531 455 Titianae.
581 412 735 452 Frater
758 409 946 464 Arvalis,
979 409 1101 451 adest
1129 410 1172 451 in
1203 408 1384 463 collegio
1414 424 1527 451 anno
1558 410 1721 451 incerto
1752 409 1864 451 inter
1893 424 1931 451 a.
1956 408 2036 451 169

316 488 359 523 et
390 481 482 534 177,
515 495 552 524 a.
577 479 670 521 183.
703 493 740 520 a.
765 478 858 532 193,
892 478 1178 534 promagister
1198 476 1381 520 fratrum
1403 477 1629 520 Arvalium
1661 493 1699 519 a.
1723 478 1804 520 186
1827 480 1907 519 aet.
1930 476 2033 518 Aru,

317 548 610 603 (fragmentum
626 546 781 587 editum
793 545 904 599 Eph.
918 560 978 599 ep.
990 548 1018 587 8
1036 560 1082 599 p.
1095 548 1175 587 336
1190 559 1275 588 non
1289 549 1398 588 reete
1411 546 1594 588 relatum
1609 545 1743 588 estad
1759 560 1798 589 a.
1811 548 1891 587 166
1894 547 2037 602 -169).

317 615 476 659 Consul
508 629 618 656 anno
650 615 812 655 incerto
839 613 995 657 Herod,
1025 613 1050 655 l.
1075 627 1108 655 e.
1153 613 1206 655 A.
1231 614 1313 656 193
1334 614 1577 670 praefectus
1608 613 1704 656 urbi
1735 613 1874 655 factus
1895 629 1921 655 a
1938 613 2039 655 Per-

315 686 454 726 tinace
483 696 641 737 genero
667 681 755 724 Dio
778 685 840 732 73,
866 685 902 731 7,
933 682 1005 723 vit.
1028 681 1144 723 Pert.
1166 685 1230 732 13,
1258 682 1329 724 vit.
1352 682 1512 724 Iulian.
1534 686 1578 733 2,
1600 685 1637 732 6,
1661 681 1820 724 Herod.
1843 681 1869 723 l.
1892 695 1940 732 e.,
1971 682 2040 723 vir

317 767 365 793 eo
389 751 548 793 honore
569 749 725 804 dignus
746 749 846 792 Dio.
891 749 1023 791 Forte
1053 750 1097 791 in
1128 750 1279 792 castris
1307 751 1535 806 praetoriis
1556 765 1653 791 cum
1674 751 1881 792 Pertinax
1912 750 2040 791 inter-

316 820 518 861 ficeretur
548 818 637 860 Dio
668 821 732 868 73,
761 821 813 860 11
843 816 1012 871 (paullo
1045 817 1171 861 aliter
1199 818 1392 875 Herod),
1424 819 1514 873 agit
1543 833 1641 860 cum
1670 818 1954 875 praetorianis
1986 817 2040 859 de

317 888 496 944 imperio
537 885 618 927 sibi
659 885 942 938 conferendo,
980 885 1054 928 sed
1096 893 1324 943 superatur
1353 902 1379 929 a
1408 886 1540 928 Didio
1570 885 1739 928 Iuliano
1769 885 1857 928 Dio
1889 889 1952 937 73,
1974 889 2039 935 11,

317 955 474 999 Herod.
505 958 548 1004 2,
581 957 617 1004 6,
638 957 679 995 8.
701 957 740 1004 9,
770 955 840 995 vit.
870 954 1038 996 Iuliani
1062 958 1106 997 2.
1164 955 1430 997 Interficitur
1466 955 1585 997 iussu
1627 954 1776 997 Severi
1815 961 1864 996 ut
1900 954 2043 996 fautor

317 1023 466 1066 Albini
497 1022 586 1064 Dio
609 1025 672 1072 75,
694 1024 732 1063 8.
789 1021 1016 1076 (Claudius
1048 1022 1322 1079 Sulpicianus
1354 1024 1445 1064 sine
1476 1037 1631 1065 causae
1661 1022 1845 1064 dictione
1877 1023 2041 1064 occisus

318 1108 343 1134 a
365 1092 524 1134 Severo
546 1091 616 1132 vit.
641 1090 787 1133 Severi
807 1104 841 1132 e.
858 1093 922 1140 13,
946 1091 1128 1144 fortasse
1148 1091 1258 1133 idem
1279 1095 1350 1141 est,
1375 1094 1449 1133 aut
1480 1105 1621 1133 errore
1651 1090 1876 1145 bioyraplii
1906 1090 2041 1132 dietus

316 1159 527 1202 Claudius
558 1173 642 1212 pro
674 1158 847 1209 Flavio,
884 1162 960 1200 aut
989 1158 1119 1212 pleno
1147 1160 1313 1201 nomine
1343 1159 1581 1214 appellatus
1610 1159 1658 1200 F
1661 1159 1797 1200 lavius
1832 1158 1869 1200 C
1875 1147 2047 1200 laudini

320 1228 613 1282 Sulpicianus,
653 1230 701 1268 ut
740 1227 915 1268 eanieeit
947 1227 1168 1269 Marinius
1197 1227 1301 1269 Aru.
1326 1242 1374 1282 p.
1395 1230 1507 1284 391).
1536 1253 1591 1258 ——
1625 1227 1811 1270 Praedia
1839 1226 1970 1269 habet
2000 1227 2043 1267 in

318 1311 421 1352 agro
453 1296 732 1338 Praenestino
763 1295 908 1349 fistula
934 1295 1060 1337 XIV
1080 1298 1206 1338 2838.

234 1366 317 1409 246
346 1365 397 1407 L.
417 1363 596 1406 Flavius
618 1363 893 1419 Sulpicianus
919 1364 1068 1418 Dorio,
1102 1371 1225 1420 pater
1256 1364 1345 1406 eius
1366 1365 1439 1420 qui
1471 1366 1667 1420 sequitur
1687 1364 1803 1406 tituli
1828 1363 2044 1406 Cretenses

320 1433 403 1488 filii
422 1431 492 1486 (ef.
514 1432 590 1474 sub
616 1431 722 1487 hoe).
754 1431 812 1474 M.
836 1431 1014 1473 Aurelio
1037 1439 1079 1474 et
1089 1433 1204 1474 Vero
1229 1438 1391 1474 statuas
1413 1431 1574 1474 dicavit
1593 1433 1892 1489 Hierapytnae
1914 1430 1983 1473 CI
1985 1430 2039 1473 G.

319 1503 443 1545 2581.
460 1503 588 1543 2582.
603 1499 721 1542 -Τ,
739 1499 915 1541 Flavius
933 1499 1206 1556 Sulpicianus
1220 1500 1355 1542 Dorio
1374 1501 1448 1556 qui
1466 1516 1504 1544 a.
1522 1501 1602 1543 129
1617 1500 1841 1543 Hadriano
1859 1507 2044 1543 statuam

320 1570 483 1612 dicavit
505 1569 728 1625 Gortynae
748 1567 866 1610 Bull.
890 1568 939 1610 de
969 1583 1076 1610 eorr.
1107 1569 1201 1610 hell.
1224 1571 1334 1610 1889
1355 1583 1402 1622 p.
1424 1571 1492 1619 58,
1522 1569 1705 1623 fortasse
1726 1572 1857 1623 pater
1886 1569 1986 1611 eius.

235 1639 316 1681 247
349 1645 392 1679 L.
415 1643 628 1678 FLAVIVS
661 1642 985 1677 SVLPICIANVS
1015 1642 1169 1678 DORIO
1201 1642 1467 1678 POLYMNIS.
1522 1637 1655 1679 Tituli
1681 1636 1895 1679 Creten-368
1923 1635 2046 1679 OIG.

321 1709 432 1749 2590
461 1704 634 1746 mutilus
661 1707 700 1746 et
728 1705 899 1758 insuper
928 1704 1037 1746 male
1063 1704 1296 1758 descriptus
1327 1703 1408 1760 (1);
1446 1704 1564 1746 Bull.
1595 1705 1645 1747 de
1675 1719 1782 1747 corr.
1813 1705 1909 1747 hell.
1939 1707 2048 1747 1885

319 1789 366 1828 p.
388 1777 478 1817 212
508 1776 545 1815 et
568 1772 719 1826 paullo
742 1772 914 1826 plenius
945 1773 1098 1815 Museo
1122 1772 1216 1814 ital.
1247 1773 1292 1815 cli
1322 1776 1409 1815 ant.
1441 1773 1563 1815 class.
1585 1776 1612 1814 3
1633 1787 1681 1827 p.
1708 1777 1793 1816 624
1813 1787 1953 1827 paene
1982 1773 2046 1814 in-

325 1846 435 1896 teyer
453 1840 528 1896 (2).
575 1840 840 1882 Praenomen
865 1842 1047 1883 servavit
1067 1843 1094 1882 t.
1113 1844 1150 1890 1,
1182 1841 1475 1895 confirmatum
1494 1842 1773 1896 praenomine
1791 1842 1963 1895 patris,‘
1979 1874 1988 1882 .
2007 1873 2016 1882 .
2036 1873 2046 1882 .

322 1907 675 1965 Σουλπ[ικια]νὸ[ς]
716 1907 816 1959 (hoe
857 1908 1011 1950 litteris
1051 1908 1301 1965 dimidiatis)
1333 1909 1495 1966 Δωρίων
1527 1909 1723 1966 Πολύμνις
1753 1912 1781 1951 t.
1813 1913 1855 1953 2.
1909 1907 2048 1950 Filius

323 1978 374 2020 L.
396 1977 536 2019 Flavii
558 1976 797 2033 Sulpiciani
818 1977 1025 2018 Dorionis
1057 1980 1084 2018 t.
1106 1981 1138 2020 2
1164 1977 1218 2030 ef.
1251 1980 1278 2018 t.
1304 1981 1342 2019 1.
1390 1977 1604 2030 Quaestor
1631 1993 1708 2034 pro
1731 1993 1795 2034 pr.
1816 1977 2049 2033 Bithyniae

326 2050 353 2089 t.
375 2050 414 2089 1.
434 2050 477 2089 2.
526 2045 735 2088 Adlectus
765 2046 878 2087 inter
907 2045 1173 2098 tribunicios,
1205 2052 1379 2101 praetor
1408 2046 1658 2101 designatus
1690 2049 1718 2088 t.
1744 2050 1787 2089 2.

238 2115 320 2159 248
353 2121 396 2164 Q.
427 2120 639 2155 FLAVIVS
670 2120 961 2155 TERTVLLVS
1004 2113 1152 2155 consul
1188 2114 1280 2156 suff.
1311 2129 1410 2156 cum
1442 2114 1494 2167 Q.
1526 2115 1651 2156 Iunio
1683 2115 1861 2157 Rustico
1900 2127 2049 2156 mense

324 2182 406 2225 Iul.
438 2197 475 2224 a.
501 2182 582 2224 133
614 2181 715 2236 dipl.
747 2181 834 2223 mil.
865 2196 952 2236 rep.
984 2183 1029 2224 in
1053 2182 1287 2236 Hunyaria
1317 2182 1650 2237 (archaeoloyiai
1680 2184 1844 2225 e'rtesito'
1873 2185 1911 2232 6,
1941 2184 2051 2224 1886

240 2280 246 2285 -
327 2265 374 2305 p.
397 2253 524 2307 208);
555 2250 728 2292 V1858.

252 2344 311 2350 -
354 2326 405 2361 Μ.
435 2325 610 2359 VLPIVS
641 2324 851 2360 FLAVIVS
884 2324 1183 2360 TISAMENVS.
2020 2343 2022 2345 ·

240 2389 323 2430 249
354 2387 603 2442 FL(AVIVS)
635 2392 868 2427 TITIANVS
900 2386 1162 2428 clarissimus
1192 2387 1260 2427 vir
1290 2386 1453 2441 teyulae
1481 2387 1685 2438 urbanae,
1716 2386 1764 2430 X
1773 2386 1921 2431 17526.
1951 2389 2048 2437 527,

326 2456 479 2510 saetae,
520 2458 567 2496 ut
597 2469 647 2497 eoe
687 2454 926 2496 litterarum
961 2455 1104 2508 forma
1144 2468 1194 2496 ae
1222 2455 1457 2509 siyillorum
1492 2456 1627 2510 speeie
1655 2454 1828 2497 Dressel
1858 2454 2050 2510 eolli‘yere

318 2536 445 2577 posse
465 2523 549 2564 sibi
566 2523 679 2564 visus
701 2525 771 2573 est,
803 2522 968 2564 saeculo
988 2523 1049 2564 II
1063 2525 1257 2573 emme,-
1285 2523 1332 2564 in
1352 2526 1483 2577 parte
1504 2522 1740 2577 teyularum
1761 2525 2050 2565 ornamentum

328 2592 527 2642 cernitur,
563 2605 642 2644 quo
673 2591 797 2645 sidem·
823 2590 1119 2633 Christianam
1148 2590 1417 2632 subindicari
1435 2594 1568 2645 putat
1595 2591 1774 2633 Rossius
1805 2590 1904 2632 bull.
1935 2590 2050 2632 erist.

329 2662 437 2702 1875
457 2674 505 2714 p.
529 2662 593 2702 68.
1981 2672 1998 2695 -,

243 2729 327 2771 250
356 2734 570 2769 FLAVIVS
592 2726 864 2783 TITI[ANVS]
886 2729 955 2769 vir
975 2727 1248 2782 clarissimus,
1279 2734 1453 2770 curator
1482 2726 1703 2784 reip[ubl.]
1734 2726 2030 2781 (Clusinorum

329 2799 357 2837 t.
386 2795 586 2838 Clusinus
615 2796 695 2838 XI
716 2799 840 2839 2101.
898 2796 1102 2838 Fortasse
1131 2809 1238 2839 saee.
1261 2810 1310 2850 p.
1339 2795 1386 2838 C.
1418 2797 1572 2850 quarti.

242 2865 322 2908 251
356 2863 533 2915 Flavius
562 2863 774 2919 Titianus,
805 2871 1058 2921 procurator
1087 2863 1380 2906 Alexandriae
1411 2865 1693 2921 (ἐπιτροπεύων
1730 2865 1770 2906 ἐν
1801 2867 1854 2920 τῇ
1882 2862 2049 2910 Ἀλεξαν-

329 2932 456 2989 δρείᾳ)
496 2932 574 2974 sub
615 2932 857 2988 Caracalla,
895 2939 1070 2975 auctore
1104 2931 1333 2974 Theocrito
1374 2933 1540 2974 occisus
1570 2931 1658 2974 Dio
1689 2935 1754 2983 77,
1785 2935 1856 2975 21.
1916 2930 2050 2973 Prae-

329 3001 483 3053 fectum
512 3000 697 3054 Aeyypti
734 3015 825 3043 eum
862 3002 994 3055 fuisse
1032 3000 1227 3042 nonnulli
1257 3003 1496 3042 statuerunt
1525 2997 1595 3055 (ef.
1626 2998 1776 3042 Franz
1803 2998 1872 3041 CI
1872 2998 1926 3041 G.
1957 2999 2046 3041 III

334 3083 376 3122 p.
397 3070 507 3125 313),
538 3082 623 3110 non
651 3072 760 3111 reete
788 3072 835 3110 ut
854 3072 975 3123 puto.

244 3138 329 3179 252
362 3169 371 3178 .
391 3169 400 3178 .
418 3169 428 3179 .
458 3135 673 3191 Fl(avius)
703 3137 923 3192 Titianus,
951 3137 1002 3179 T.
1034 3136 1083 3192 f.,
1114 3135 1230 3179 tribu
1261 3136 1398 3190 Quin,
1426 3141 1681 3192 procurator
1711 3134 1920 3188 Galatiae,
1946 3143 2050 3191 'pro-
2131 3120 2139 3134 ⁰

330 3211 503 3246 curator
541 3205 808 3260 patrimonii,
849 3211 1101 3260 procurator
1141 3205 1465 3261 provinciarum
1500 3203 1805 3259 Lugdunensis
1843 3209 1885 3245 et
1913 3202 2049 3258 Aqui-

330 3274 499 3314 tanicae
530 3276 557 3314 t.
580 3273 884 3327 Isuyclunensis,
910 3273 1107 3315 Boissieu
1137 3274 1262 3315 inser.
1286 3272 1335 3314 de
1355 3273 1476 3326 Isyon
1498 3286 1546 3326 p.
1567 3274 1664 3315 251.

246 3341 329 3384 253
359 3339 536 3382 Flavius
567 3341 777 3396 Titianus,
810 3346 1063 3397 procurator
1088 3340 1235 3382 Norici
1266 3339 1382 3382 tituli
1407 3339 1637 3382 Celeienses
1665 3338 1754 3382 III
1772 3341 1892 3382 5164.
1922 3341 2049 3382 5172.
