2202 3724
239 295 493 332 MVNATIVS
1091 285 1174 327 392
1836 292 2043 329 MVNDVS

324 427 362 467 ei
393 424 652 467 adulterium
682 437 778 465 cum
806 422 951 464 Mevia
973 420 1100 466 Galla
1120 421 1316 464 Macrob.
1339 424 1418 464 sat.
1440 425 1484 472 2,
1505 425 1549 473 2,
1572 425 1610 467 6.
1634 448 1686 454 —
1715 422 1868 467 Statua
1891 422 2042 466 Planci

329 493 396 535 VI
409 496 540 543 9673;
561 492 614 545 cf.
643 491 711 534 VI
722 494 877 534 10023.
892 515 951 520 -
972 489 1115 547 Ἱερεὺς
1135 491 1305 534 Λουκίου
1326 490 1554 535 Μουνατίου
1585 490 1787 549 [Πλάγκου
1798 491 1834 547 P]
1863 491 2044 549 Mylasis

322 561 413 602 Aut
440 561 576 609 haias,
616 559 783 601 aathell.
814 562 884 609 12,
917 561 1030 600 1888
1061 573 1107 612 p.
1139 561 1193 601 15
1232 562 1260 601 t.
1287 560 1469 613 scripias
1507 573 1592 602 non
1632 563 1730 602 ante
1759 574 1916 603 annum
1946 563 2042 604 752.

323 628 439 670 Ball.
472 628 520 669 de
550 641 657 669 corr.
689 628 776 669 eius
806 628 880 680 qai
906 627 1107 680 sequitur,
1138 626 1301 669 liberti:
1338 627 1407 670 VI
1428 630 1589 671 22652.
1619 630 1777 671 22670.
1806 631 1964 672 22679.

238 697 319 739 535
350 702 392 737 L.
415 701 669 736 MVNATIVS
691 701 915 736 PLANCVS
938 695 1042 749 (tria
1061 695 1234 737 nomina
1254 694 1447 737 exhibent
1466 696 1574 749 fasti
1593 695 1712 750 Gap„
1734 697 1842 751 fasti
1859 696 2040 748 Antiat„

323 763 411 805 Dio
439 763 540 813 md„
575 763 642 805 VJ
656 765 795 819 9050),
827 750 881 805 L:
912 762 942 805 f.
972 763 1080 817 fasti
1106 762 1225 818 Gap„
1256 762 1346 805 Dio
1375 763 1476 814 ind„
1508 764 1558 806 L.
1581 779 1622 806 n.
1652 765 1759 818 fasta·
1783 764 1889 819 Gap.
1911 763 2044 820 (filius

322 833 410 873 sine
450 831 576 873 dnbio
616 831 705 874 eius
744 832 818 885 qai
851 830 1103 885 praecedit).
1165 830 1329 874 Consul
1370 831 1614 874 ordinarius
1654 848 1691 878 a.
1725 833 1778 876 13
1820 848 1906 876 una
1945 848 2043 876 cum

324 899 371 942 C.
406 899 511 942 Silio
544 899 731 941 Caecina
760 900 904 953 Largo
934 900 1052 953 fasti.
1103 899 1156 942 A.
1180 900 1234 942 14
1264 900 1465 956 princeps
1496 899 1722 955 legationis
1752 916 1779 943 a
1809 908 1960 945 senatu
1988 901 2044 944 ad

324 968 632 1011 Germanicum
676 969 853 1022 missae,
911 967 1152 1023 periculum
1202 968 1318 1010 vitae
1362 968 1469 1010 adiit
1512 983 1539 1010 a
1581 968 1788 1012 militibus
1832 969 2044 1013 seditiosis

329 1036 425 1078 Tae.
459 1051 498 1078 a.
530 1039 568 1086 1,
599 1039 667 1079 39.

236 1104 319 1147 536
350 1104 408 1146 Μ.
441 1104 662 1147 Munatius
698 1104 961 1160 PopilianuS‚
1000 1106 1178 1147 maritus
1212 1104 1419 1148 Cocceiae
1453 1105 1659 1148 Bassulae
1687 1106 1910 1149 Numisiae
1941 1107 2045 1150 Pro-

322 1172 444 1214 culae
475 1173 546 1228 (ef.
577 1174 653 1215 sab
683 1173 778 1228 hae)
811 1177 838 1215 t.
872 1174 1163 1216 Maetarensis
1193 1174 1318 1217 VIII
1337 1178 1436 1218 626.

237 1241 317 1284 537
351 1247 392 1292 Q.
425 1248 679 1284 MVNATIVS
710 1248 933 1296 PRISOVS,
977 1242 1108 1285 salius
1150 1242 1397 1297 Palatinus,
1440 1258 1494 1285 ex
1534 1258 1617 1299 quo
1659 1244 1898 1288 sacerdotio
1939 1246 2046 1289 exiit

322 1325 358 1353 a.
392 1310 474 1352 179
506 1309 574 1352 VI
597 1313 707 1353 1979
736 1324 773 1352 v.
805 1314 875 1353 12.
1780 1355 1782 1357 .

235 1378 318 1421 538
349 1385 402 1421 M.
432 1384 688 1420 MVNATIVS
721 1385 879 1420 SVLLA
911 1385 1141 1421 CERIALIS
1172 1378 1431 1421 clarissimus
1461 1380 1540 1434 vir,
1573 1395 1746 1436 praeses
1777 1381 2044 1438 (provinciae

320 1446 523 1501 Noricae)
555 1450 582 1488 t.
616 1446 802 1489 Noricus
830 1447 920 1489 III
942 1447 988 1490 S.
1020 1450 1165 1490 11743.
1197 1472 1247 1476 -—
1279 1446 1399 1489 Idem
1426 1450 1474 1489 ut
1502 1447 1666 1491 videtur
1696 1449 1766 1502 (cf.
1797 1449 2046 1504 Hirschfeld

323 1514 381 1556 ad
408 1515 497 1557 III
525 1514 571 1558 S.
610 1515 635 1557 l.
668 1515 719 1569 e.)
762 1514 884 1558 Sulla
924 1514 1104 1558 Cerialis
1145 1515 1223 1570 (sie
1263 1515 1344 1558 IX
1376 1518 1507 1566 4972,
1550 1516 1799 1571 plerumque
1843 1517 2042 1572 Cerialis)

322 1582 471 1624 consul
497 1583 739 1625 ordinarius
771 1598 807 1625 a.
831 1584 912 1626 215
944 1598 1042 1625 cum
1070 1583 1236 1626 Maecio
1267 1584 1404 1626 Laeto
1435 1584 1554 1637 fasti.
1602 1584 1692 1627 Nec
1714 1585 1901 1628 diversas
1921 1585 2045 1630 Sulla

320 1649 486 1705 legatus
505 1650 814 1707 Cappadociae,
839 1650 892 1693 ab
916 1650 1152 1705 Elagabalo
1174 1657 1401 1693 revocatus
1423 1657 1465 1693 et
1481 1653 1645 1694 occisus
1668 1668 1704 1696 a.
1723 1653 1805 1696 219
1822 1653 1910 1696 Dio
1927 1657 1989 1705 79,
2001 1658 2041 1698 4.

237 1719 319 1760 539
350 1725 582 1760 MVNATIA
612 1726 865 1761 PLANCINA
894 1720 1169 1774 (qentilieiam
1197 1720 1323 1763 habet
1350 1720 1463 1762 solas
1491 1720 1579 1763 Dio
1605 1724 1671 1771 58,
1696 1721 1787 1775 22).
1830 1722 1955 1764 Filia
1981 1722 2045 1765 vel

321 1789 459 1841 neptis
497 1789 547 1830 L.
589 1789 784 1830 Munatii
821 1788 979 1831 Planci
1018 1789 1199 1831 consulis
1240 1803 1279 1832 a.
1314 1803 1354 1830 a.
1386 1803 1419 1831 e.
1453 1792 1536 1832 712
1575 1789 1702 1842 (Daci
1738 1790 1874 1844 filiam
1912 1791 2044 1844 fuisse

323 1856 501 1898 ostendit
535 1870 795 1910 praenomen
838 1857 981 1899 liberti
1019 1856 1087 1899 VI
1109 1856 1283 1911 22668).
1359 1857 1397 1899 Ε
1442 1856 1575 1899 nobili
1620 1863 1663 1900 et
1706 1857 1841 1901 divite
1883 1858 2045 1901 familia

328 1924 427 1966 Tac.
460 1939 499 1966 a.
529 1927 572 1975 2,
605 1927 671 1968 43.
732 1925 859 1968 Uxor
895 1923 973 1967 Cn.
1014 1924 1238 1980 Calpurnii
1276 1925 1445 1967 Pisonis
1487 1925 1693 1978 (consulis
1733 1941 1771 1968 a.
1803 1941 1844 1969 u.
1875 1941 1912 1969 c.
1943 1926 2044 1982 747)

329 1993 426 2035 Tac.
456 2007 495 2036 a.
516 1996 560 2043 2,
581 1997 637 2035 43
667 1996 706 2035 et
736 1993 866 2044 alibi;
894 1992 982 2035 Dio
1001 1995 1066 2044 59,
1091 1996 1165 2043 20,
1199 1999 1241 2035 et
1270 2008 1325 2035 ex
1355 2007 1404 2036 eo
1435 1999 1573 2035 mater
1602 1992 1839 2037 liberorum
1874 1995 1972 2038 Tac.
2005 2010 2045 2038 a.

322 2064 360 2110 3,
383 2064 446 2102 17.
506 2060 659 2102 Amica
689 2062 841 2103 Liviae
867 2061 966 2104 Tae.
989 2076 1028 2103 a.
1050 2065 1093 2112 2,
1114 2065 1183 2104 43.
1205 2064 1275 2105 82.
1306 2064 1344 2112 3,
1367 2064 1431 2105 15.
1491 2060 1546 2106 A.
1567 2077 1609 2118 p.
1633 2061 1734 2105 Chr.
1759 2064 1810 2106 18
1840 2065 2045 2106 maritum

325 2129 479 2184 Syriae
510 2131 802 2185 praepositum
838 2131 882 2171 in
922 2131 1192 2186 provinciam
1222 2131 1451 2172 comitatur
1486 2131 1584 2173 Tae.
1617 2145 1657 2174 a.
1686 2135 1731 2182 2,
1763 2134 1828 2175 55.
1889 2131 2046 2175 Crede-

324 2196 450 2239 batur
480 2204 644 2240 secreto
675 2213 700 2239 a
729 2199 858 2241 Livia
895 2199 1059 2241 monita
1101 2213 1213 2253 esse,
1256 2205 1304 2241 ut
1341 2198 1631 2255 Agrippinam
1670 2201 1955 2244 insectaretur
1989 2202 2046 2244 ib.

323 2268 388 2307 43.
419 2268 490 2308 82.
542 2267 593 2308 In
625 2267 852 2322 provincia
877 2282 1031 2322 parum
1052 2267 1207 2310 decore
1238 2282 1284 2309 se
1303 2268 1436 2322 gerit3
1469 2267 1609 2323 palam
1638 2269 1918 2311 contumelias
1946 2271 2049 2312 iacit

324 2335 368 2374 in
400 2333 707 2377 Germanicum
748 2341 791 2377 et
829 2335 1118 2392 Agrippinam
1156 2336 1212 2378 ib.
1243 2338 1307 2378 55.
1376 2336 1587 2391 Martina,
1627 2336 1799 2379 infamis
1829 2336 2047 2380 veneficiis

324 2402 368 2443 in
400 2402 538 2457 Syria,
572 2403 806 2446 Plancinae
838 2418 938 2446 cara
967 2404 1024 2446 ib.
1057 2407 1123 2446 74.
1172 2404 1343 2447 Scelere
1375 2406 1466 2446 eius
1497 2411 1540 2447 et
1570 2405 1739 2447 Pisonis
1769 2420 1815 2448 se
1844 2406 2045 2463 intercipi

327 2471 612 2513 Germanicus
643 2473 831 2513 moriens
863 2472 1128 2528 querebatur
1154 2473 1210 2517 ib.
1234 2476 1311 2524 71;
1341 2473 1394 2526 cf.
1425 2472 1515 2515 Dio
1533 2475 1598 2523 57,
1620 2475 1686 2515 18.
1736 2473 1909 2516 Mortuo
1939 2475 2041 2519 Ger·

327 2539 493 2580 manico
526 2538 737 2582 Plancina
777 2539 941 2582 luctum
981 2541 1163 2582 amissae
1203 2542 1361 2583 sororis
1401 2540 1510 2583 laeto
1540 2541 1658 2584 cultu
1687 2543 1876 2585 mutavit
1903 2543 1960 2586 ib.
1994 2547 2045 2587 75

327 2607 379 2659 cf.
402 2609 438 2656 6,
461 2610 529 2650 26.
582 2607 692 2650 Cum
722 2610 900 2650 maritus
931 2609 1156 2664 provincia
1185 2608 1335 2665 pulsus
1365 2624 1515 2651 rursus
1547 2624 1640 2652 eam
1671 2624 1884 2667 occupare
1903 2610 2044 2667 vellet,

327 2675 513 2716 servitiis
545 2676 632 2717 suis
664 2691 762 2717 eum
793 2676 972 2719 adiuvat
991 2677 1049 2721 ib.
1070 2679 1136 2720 80.
1179 2678 1358 2719 Romam
1386 2678 1619 2720 revertitur
1647 2692 1735 2720 una
1764 2693 1863 2721 cum
1891 2680 2046 2723 marito

327 2756 366 2784 a.
398 2743 451 2784 20
489 2743 586 2786 Tac.
618 2758 657 2785 a.
688 2747 726 2794 3,
759 2748 797 2788 9.
857 2744 1075 2787 Accusata
1115 2761 1202 2788 una
1240 2760 1338 2788 cum
1373 2747 1550 2800 marito,
1591 2746 1792 2802 precibus
1822 2746 2046 2802 Augustae

327 2817 531 2865 protecta,
573 2811 770 2854 absoluta
801 2819 864 2855 est
892 2814 948 2855 ib.
978 2816 1017 2864 3,
1048 2816 1174 2856 13-8.
1207 2817 1245 2864 6,
1276 2817 1345 2858 26.
1405 2813 1457 2858 Α.
1490 2815 1544 2857 33
1584 2829 1733 2856 rursus
1772 2814 1826 2857 ob
1866 2822 2046 2859 mortem

330 2878 576 2921 Germanici
607 2887 825 2933 accusata,
868 2896 945 2923 sua
974 2896 1106 2924 manu
1136 2883 1247 2938 perit
1273 2883 1329 2926 ib.
1362 2886 1398 2933 6,
1429 2886 1488 2925 26
1498 2896 1511 2934 ;
1536 2882 1624 2925 Dio
1651 2885 1719 2933 58,
1748 2886 1823 2927 22.
1852 2909 1907 2915 -
1936 2884 2047 2928 Eius

330 2947 502 2989 libertus
528 2947 579 2991 L.
611 2948 831 2991 Munatius
862 2949 1094 2992 Plancinae
1124 2950 1151 2993 l.
1183 2950 1420 3006 Polyclitus
1451 2951 1519 2993 VI
1539 2953 1695 2995 22668.

243 3015 327 3057 540
356 3015 554 3058 Munatia
584 3016 790 3071 Procula,
833 3017 892 3059 M.
924 3018 951 3059 f.
983 3018 1129 3072 fistula
1159 3018 1361 3072 plumbea
1383 3034 1518 3074 prope
1547 3019 1729 3061 Romam
1757 3023 1928 3074 reperta
1957 3020 2046 3064 loco

330 3083 440 3126 dieto
473 3084 820 3135 Tor-Marancz'a,
854 3085 921 3127 VI
933 3088 1038 3128 1465
1060 3086 1200 3131 adnot.
1234 3087 1386 3129 Eidem
1405 3087 1571 3130 videtur
1591 3087 1806 3130 dedicatas
1827 3091 1854 3132 t.
1874 3089 2047 3132 mutibus

330 3154 434 3203 (ana
464 3165 556 3194 eam
579 3152 726 3206 fistula
754 3153 832 3194 illa
860 3156 965 3210 rep.)
997 3154 1065 3196 VI
1086 3157 1214 3206 1465;
1245 3155 1388 3199 eadem
1417 3155 1619 3206 Procula,
1650 3156 1787 3199 iudice
1805 3155 1972 3206 Bossia
2001 3156 2047 3198 in

330 3223 357 3262 t.
388 3220 498 3262 servi
527 3220 708 3262 alienius
737 3221 782 3262 in
813 3221 955 3263 eadem
983 3223 1150 3276 reqione
1179 3237 1279 3277 rep„
1314 3223 1412 3268 bull.
1444 3224 1557 3267 erist.
1587 3226 1701 3268 1882
1723 3238 1772 3278 12.
1803 3226 1895 3268 163.

258 3313 314 3317 —
358 3294 402 3332 L.
432 3294 690 3331 ANTISTIVS
720 3295 994 3332 MVNDICIVS
1025 3295 1232 3334 BVRRVS.

262 3381 314 3385 —
358 3356 520 3399 Decius
549 3356 752 3400 Mundus.
