<?xml version="1.0" encoding="UTF-8"?>
<!DOCTYPE html PUBLIC "-//W3C//DTD XHTML 1.0 Transitional//EN"
    "http://www.w3.org/TR/xhtml1/DTD/xhtml1-transitional.dtd">
<html xmlns="http://www.w3.org/1999/xhtml" xml:lang="en" lang="en">
 <head>
  <title>
</title>
<meta http-equiv="Content-Type" content="text/html;charset=utf-8" />
  <meta name='ocr-system' content='tesseract 3.04.00' />
  <meta name='ocr-capabilities' content='ocr_page ocr_carea ocr_par ocr_line ocrx_word'/>
</head>
<body>
  <div class='ocr_page' id='page_1' title='image "./prosopographiaim02akaduoft_0115.png"; bbox 0 0 2190 3724; ppageno 0'>
   <div class='ocr_carea' id='block_1_1' title="bbox 143 315 1954 359">
    <p class='ocr_par' dir='ltr' id='par_1_1' title="bbox 143 315 1954 359">
     <span class='ocr_line' id='line_1_1' title="bbox 143 315 1954 359; baseline -0.001 -1"><span class='ocrx_word' id='word_1_1' title='bbox 143 319 361 359; x_wconf 79' lang='lat' dir='ltr'><strong>FVRNIVS</strong></span> <span class='ocrx_word' id='word_1_2' title='bbox 1011 315 1093 358; x_wconf 85' lang='grc'><strong>103</strong></span> <span class='ocrx_word' id='word_1_3' title='bbox 1768 320 1954 358; x_wconf 88' lang='lat' dir='ltr'>FVSCVS</span> 
     </span>
    </p>
   </div>
   <div class='ocr_carea' id='block_1_2' title="bbox 149 387 302 392">
    <p class='ocr_par' dir='ltr' id='par_1_2' title="bbox 149 387 302 392">
     <span class='ocr_line' id='line_1_2' title="bbox 149 387 302 392; baseline 0 0"><span class='ocrx_word' id='word_1_4' title='bbox 149 387 302 392; x_wconf 95' lang='lat' dir='ltr'><strong> </strong></span> 
     </span>
    </p>
   </div>
   <div class='ocr_carea' id='block_1_3' title="bbox 148 452 1968 2294">
    <p class='ocr_par' dir='ltr' id='par_1_3' title="bbox 229 452 1964 1608">
     <span class='ocr_line' id='line_1_3' title="bbox 231 452 1957 509; baseline -0.002 -12"><span class='ocrx_word' id='word_1_5' title='bbox 231 454 287 509; x_wconf 80' lang='lat' dir='ltr'><strong>cf.</strong></span> <span class='ocrx_word' id='word_1_6' title='bbox 319 453 378 496; x_wconf 82' lang='lat' dir='ltr'><strong>ad</strong></span> <span class='ocrx_word' id='word_1_7' title='bbox 404 454 510 508; x_wconf 83' lang='lat' dir='ltr'><strong>fam.</strong></span> <span class='ocrx_word' id='word_1_8' title='bbox 536 455 576 504; x_wconf 87' lang='grc'><strong>8,</strong></span> <span class='ocrx_word' id='word_1_9' title='bbox 606 456 674 504; x_wconf 88' lang='grc'><strong>10,</strong></span> <span class='ocrx_word' id='word_1_10' title='bbox 704 456 755 504; x_wconf 87' lang='grc'><strong>3,·</strong></span> <span class='ocrx_word' id='word_1_11' title='bbox 783 455 823 503; x_wconf 88' lang='grc'><strong>8,</strong></span> <span class='ocrx_word' id='word_1_12' title='bbox 855 456 921 504; x_wconf 91' lang='grc'><strong>11,</strong></span> <span class='ocrx_word' id='word_1_13' title='bbox 952 456 1007 504; x_wconf 89' lang='grc'><em>2;</em></span> <span class='ocrx_word' id='word_1_14' title='bbox 1036 455 1101 504; x_wconf 83' lang='grc'><strong>15,</strong></span> <span class='ocrx_word' id='word_1_15' title='bbox 1132 456 1199 503; x_wconf 93' lang='grc'><strong>14,</strong></span> <span class='ocrx_word' id='word_1_16' title='bbox 1228 456 1268 503; x_wconf 88' lang='grc'><strong>5,</strong></span> <span class='ocrx_word' id='word_1_17' title='bbox 1298 453 1357 495; x_wconf 79' lang='lat' dir='ltr'><strong>ad</strong></span> <span class='ocrx_word' id='word_1_18' title='bbox 1383 452 1476 495; x_wconf 83' lang='lat' dir='ltr'><strong>Att.</strong></span> <span class='ocrx_word' id='word_1_19' title='bbox 1497 456 1535 504; x_wconf 84' lang='lat'><strong>6,</strong></span> <span class='ocrx_word' id='word_1_20' title='bbox 1556 456 1596 504; x_wconf 89' lang='lat'><strong>1,</strong></span> <span class='ocrx_word' id='word_1_21' title='bbox 1617 456 1683 496; x_wconf 88' lang='lat'><strong>11.</strong></span> <span class='ocrx_word' id='word_1_22' title='bbox 1742 453 1829 495; x_wconf 84' lang='lat' dir='ltr'><strong>Per</strong></span> <span class='ocrx_word' id='word_1_23' title='bbox 1859 467 1957 496; x_wconf 86' lang='lat' dir='ltr'><strong>eum</strong></span> 
     </span>
     <span class='ocr_line' id='line_1_4' title="bbox 231 520 1960 578; baseline -0.001 -14"><span class='ocrx_word' id='word_1_24' title='bbox 231 536 380 564; x_wconf 88' lang='lat' dir='ltr'><strong>mense</strong></span> <span class='ocrx_word' id='word_1_25' title='bbox 399 522 558 564; x_wconf 85' lang='lat' dir='ltr'><strong>Martio</strong></span> <span class='ocrx_word' id='word_1_26' title='bbox 588 536 626 564; x_wconf 89' lang='lat' dir='ltr'><strong>a.</strong></span> <span class='ocrx_word' id='word_1_27' title='bbox 649 521 732 564; x_wconf 88' lang='grc'><strong>705</strong></span> <span class='ocrx_word' id='word_1_28' title='bbox 754 520 907 564; x_wconf 92' lang='lat' dir='ltr'><strong>Cicero</strong></span> <span class='ocrx_word' id='word_1_29' title='bbox 929 520 1130 564; x_wconf 84' lang='lat' dir='ltr'>Caesaris</span> <span class='ocrx_word' id='word_1_30' title='bbox 1158 520 1324 563; x_wconf 81' lang='lat' dir='ltr'><strong>litteras</strong></span> <span class='ocrx_word' id='word_1_31' title='bbox 1354 522 1522 578; x_wconf 90' lang='lat' dir='ltr'><strong>accepit</strong></span> <span class='ocrx_word' id='word_1_32' title='bbox 1549 520 1638 564; x_wconf 82' lang='lat' dir='ltr'><strong>Cic.</strong></span> <span class='ocrx_word' id='word_1_33' title='bbox 1660 521 1720 564; x_wconf 84' lang='lat' dir='ltr'><strong>ad</strong></span> <span class='ocrx_word' id='word_1_34' title='bbox 1737 521 1831 564; x_wconf 87' lang='lat' dir='ltr'><strong>Att.</strong></span> <span class='ocrx_word' id='word_1_35' title='bbox 1853 524 1892 572; x_wconf 88' lang='lat'><strong>9,</strong></span> <span class='ocrx_word' id='word_1_36' title='bbox 1910 524 1937 563; x_wconf 89' lang='lat'><strong><em>6</em></strong></span> <span class='ocrx_word' id='word_1_37' title='bbox 1946 534 1960 572; x_wconf 92' lang='lat'><strong>‚·</strong></span> 
     </span>
     <span class='ocr_line' id='line_1_5' title="bbox 233 588 1960 647; baseline -0.002 -14"><span class='ocrx_word' id='word_1_38' title='bbox 233 594 271 642; x_wconf 91' lang='lat'><strong>9,</strong></span> <span class='ocrx_word' id='word_1_39' title='bbox 294 594 392 634; x_wconf 79' lang='lat'><strong><em>11⁰.</em></strong></span> <span class='ocrx_word' id='word_1_40' title='bbox 447 590 502 633; x_wconf 94' lang='lat' dir='ltr'><strong>A.</strong></span> <span class='ocrx_word' id='word_1_41' title='bbox 537 590 617 633; x_wconf 94' lang='grc'><strong>711</strong></span> <span class='ocrx_word' id='word_1_42' title='bbox 649 589 818 645; x_wconf 87' lang='lat' dir='ltr'><strong>legatus</strong></span> <span class='ocrx_word' id='word_1_43' title='bbox 847 590 898 632; x_wconf 93' lang='lat' dir='ltr'><strong>L.</strong></span> <span class='ocrx_word' id='word_1_44' title='bbox 929 590 1115 632; x_wconf 86' lang='lat' dir='ltr'>Munatii</span> <span class='ocrx_word' id='word_1_45' title='bbox 1142 589 1293 632; x_wconf 84' lang='lat' dir='ltr'>Planci</span> <span class='ocrx_word' id='word_1_46' title='bbox 1334 590 1604 647; x_wconf 86' lang='lat' dir='ltr'>proconsulis</span> <span class='ocrx_word' id='word_1_47' title='bbox 1634 589 1804 633; x_wconf 84' lang='lat' dir='ltr'><strong>Galliae</strong></span> <span class='ocrx_word' id='word_1_48' title='bbox 1833 595 1877 632; x_wconf 87' lang='lat' dir='ltr'><strong>et</strong></span> <span class='ocrx_word' id='word_1_49' title='bbox 1905 588 1960 631; x_wconf 90' lang='lat' dir='ltr'><strong>ab</strong></span> 
     </span>
     <span class='ocr_line' id='line_1_6' title="bbox 232 657 1960 715; baseline -0.001 -14"><span class='ocrx_word' id='word_1_50' title='bbox 232 674 282 702; x_wconf 89' lang='lat' dir='ltr'><strong>eo</strong></span> <span class='ocrx_word' id='word_1_51' title='bbox 321 674 419 701; x_wconf 88' lang='lat' dir='ltr'><strong>cum</strong></span> <span class='ocrx_word' id='word_1_52' title='bbox 458 657 674 701; x_wconf 85' lang='lat' dir='ltr'><strong>mandatis</strong></span> <span class='ocrx_word' id='word_1_53' title='bbox 713 657 956 715; x_wconf 83' lang='lat' dir='ltr'><strong>litterisque</strong></span> <span class='ocrx_word' id='word_1_54' title='bbox 995 659 1051 701; x_wconf 88' lang='lat' dir='ltr'><strong>ad</strong></span> <span class='ocrx_word' id='word_1_55' title='bbox 1091 665 1290 701; x_wconf 90' lang='lat' dir='ltr'><strong>senatum</strong></span> <span class='ocrx_word' id='word_1_56' title='bbox 1321 665 1364 701; x_wconf 92' lang='lat' dir='ltr'><strong>et</strong></span> <span class='ocrx_word' id='word_1_57' title='bbox 1398 659 1455 701; x_wconf 88' lang='lat' dir='ltr'><strong>ad</strong></span> <span class='ocrx_word' id='word_1_58' title='bbox 1484 658 1715 703; x_wconf 88' lang='lat' dir='ltr'><strong>Caesarem</strong></span> <span class='ocrx_word' id='word_1_59' title='bbox 1746 660 1960 701; x_wconf 91' lang='lat' dir='ltr'><strong>iuniorem</strong></span> 
     </span>
     <span class='ocr_line' id='line_1_7' title="bbox 230 726 1959 781; baseline -0.001 -11"><span class='ocrx_word' id='word_1_60' title='bbox 230 729 388 770; x_wconf 89' lang='lat' dir='ltr'><strong>missus</strong></span> <span class='ocrx_word' id='word_1_61' title='bbox 415 727 503 770; x_wconf 82' lang='lat' dir='ltr'><strong>Cic.</strong></span> <span class='ocrx_word' id='word_1_62' title='bbox 525 726 585 769; x_wconf 83' lang='lat' dir='ltr'><strong>ad</strong></span> <span class='ocrx_word' id='word_1_63' title='bbox 601 727 706 781; x_wconf 82' lang='lat' dir='ltr'><strong>fam.</strong></span> <span class='ocrx_word' id='word_1_64' title='bbox 728 730 795 777; x_wconf 85' lang='lat'><strong>10,</strong></span> <span class='ocrx_word' id='word_1_65' title='bbox 817 729 857 777; x_wconf 92' lang='lat'><strong>8,</strong></span> <span class='ocrx_word' id='word_1_66' title='bbox 879 730 929 778; x_wconf 86' lang='lat'><strong>5;</strong></span> <span class='ocrx_word' id='word_1_67' title='bbox 959 731 1024 778; x_wconf 90' lang='grc'><strong>10,</strong></span> <span class='ocrx_word' id='word_1_68' title='bbox 1046 731 1114 778; x_wconf 91' lang='grc'><strong>10,</strong></span> <span class='ocrx_word' id='word_1_69' title='bbox 1136 731 1186 779; x_wconf 92' lang='grc'><strong>1;</strong></span> <span class='ocrx_word' id='word_1_70' title='bbox 1215 731 1281 778; x_wconf 92' lang='grc'><strong>10,</strong></span> <span class='ocrx_word' id='word_1_71' title='bbox 1304 731 1374 778; x_wconf 93' lang='grc'><strong>12,</strong></span> <span class='ocrx_word' id='word_1_72' title='bbox 1397 731 1447 779; x_wconf 88' lang='grc'><strong>1;</strong></span> <span class='ocrx_word' id='word_1_73' title='bbox 1475 731 1543 779; x_wconf 91' lang='grc'><strong>10,</strong></span> <span class='ocrx_word' id='word_1_74' title='bbox 1565 732 1636 779; x_wconf 87' lang='grc'><strong>24,</strong></span> <span class='ocrx_word' id='word_1_75' title='bbox 1657 732 1697 771; x_wconf 91' lang='grc'><strong>4.</strong></span> <span class='ocrx_word' id='word_1_76' title='bbox 1720 731 1758 770; x_wconf 93' lang='grc'><strong>7.</strong></span> <span class='ocrx_word' id='word_1_77' title='bbox 1798 727 1852 770; x_wconf 92' lang='lat' dir='ltr'><strong>A.</strong></span> <span class='ocrx_word' id='word_1_78' title='bbox 1877 728 1959 770; x_wconf 88' lang='lat'><strong>713</strong></span> 
     </span>
     <span class='ocr_line' id='line_1_8' title="bbox 230 794 1962 852; baseline -0.001 -13"><span class='ocrx_word' id='word_1_79' title='bbox 230 811 352 839; x_wconf 86' lang='lat' dir='ltr'><strong>arma</strong></span> <span class='ocrx_word' id='word_1_80' title='bbox 381 796 465 838; x_wconf 91' lang='lat' dir='ltr'><strong>fert</strong></span> <span class='ocrx_word' id='word_1_81' title='bbox 493 810 573 852; x_wconf 92' lang='lat' dir='ltr'><strong>pro</strong></span> <span class='ocrx_word' id='word_1_82' title='bbox 603 794 800 852; x_wconf 89' lang='lat' dir='ltr'><strong>partibus</strong></span> <span class='ocrx_word' id='word_1_83' title='bbox 826 794 1005 837; x_wconf 84' lang='lat' dir='ltr'><strong>Antonii</strong></span> <span class='ocrx_word' id='word_1_84' title='bbox 1037 803 1189 838; x_wconf 90' lang='lat' dir='ltr'><strong>contra</strong></span> <span class='ocrx_word' id='word_1_85' title='bbox 1218 795 1472 852; x_wconf 79' lang='lat' dir='ltr'><strong>Caesarem3</strong></span> <span class='ocrx_word' id='word_1_86' title='bbox 1501 798 1709 839; x_wconf 82' lang='lat' dir='ltr'><strong>Perusiae</strong></span> <span class='ocrx_word' id='word_1_87' title='bbox 1738 796 1962 839; x_wconf 87' lang='lat' dir='ltr'><strong>obsidetur</strong></span> 
     </span>
     <span class='ocr_line' id='line_1_9' title="bbox 231 863 1962 919; baseline 0.001 -12"><span class='ocrx_word' id='word_1_88' title='bbox 231 864 320 907; x_wconf 89' lang='lat' dir='ltr'><strong>Dio</strong></span> <span class='ocrx_word' id='word_1_89' title='bbox 349 867 417 915; x_wconf 85' lang='lat'><strong>48,</strong></span> <span class='ocrx_word' id='word_1_90' title='bbox 447 867 525 916; x_wconf 89' lang='grc'><strong>13;</strong></span> <span class='ocrx_word' id='word_1_91' title='bbox 554 863 745 919; x_wconf 75' lang='lat' dir='ltr'><strong>Appian.</strong></span> <span class='ocrx_word' id='word_1_92' title='bbox 778 863 816 906; x_wconf 85' lang='lat' dir='ltr'><strong><em>b.</em></strong></span> <span class='ocrx_word' id='word_1_93' title='bbox 847 878 880 906; x_wconf 92' lang='lat' dir='ltr'><strong>c.</strong></span> <span class='ocrx_word' id='word_1_94' title='bbox 910 866 950 915; x_wconf 88' lang='lat'><strong><em>5,</em></strong></span> <span class='ocrx_word' id='word_1_95' title='bbox 980 867 1049 907; x_wconf 84' lang='lat'><strong><em>30.</em></strong></span> <span class='ocrx_word' id='word_1_96' title='bbox 1079 869 1148 907; x_wconf 79' lang='lat'><strong><em>40.</em></strong></span> <span class='ocrx_word' id='word_1_97' title='bbox 1210 865 1270 908; x_wconf 91' lang='grc' dir='ltr'><strong>Μ.</strong></span> <span class='ocrx_word' id='word_1_98' title='bbox 1302 865 1519 908; x_wconf 89' lang='lat' dir='ltr'><strong>Antonius</strong></span> <span class='ocrx_word' id='word_1_99' title='bbox 1558 881 1655 908; x_wconf 89' lang='lat' dir='ltr'><strong>eum</strong></span> <span class='ocrx_word' id='word_1_100' title='bbox 1694 867 1740 908; x_wconf 90' lang='lat' dir='ltr'><strong>in</strong></span> <span class='ocrx_word' id='word_1_101' title='bbox 1765 865 1962 919; x_wconf 83' lang='lat' dir='ltr'><strong>Africam</strong></span> 
     </span>
     <span class='ocr_line' id='line_1_10' title="bbox 230 931 1961 988; baseline -0.001 -12"><span class='ocrx_word' id='word_1_102' title='bbox 230 935 402 976; x_wconf 89' lang='lat' dir='ltr'><strong>mittere</strong></span> <span class='ocrx_word' id='word_1_103' title='bbox 437 931 534 975; x_wconf 85' lang='lat' dir='ltr'><strong>vult</strong></span> <span class='ocrx_word' id='word_1_104' title='bbox 562 932 754 987; x_wconf 77' lang='lat' dir='ltr'><strong>Appian.</strong></span> <span class='ocrx_word' id='word_1_105' title='bbox 783 932 822 974; x_wconf 83' lang='lat' dir='ltr'><strong><em>b.</em></strong></span> <span class='ocrx_word' id='word_1_106' title='bbox 854 946 888 974; x_wconf 89' lang='lat' dir='ltr'><strong>c.</strong></span> <span class='ocrx_word' id='word_1_107' title='bbox 915 935 954 983; x_wconf 88' lang='lat'><strong><em>5,</em></strong></span> <span class='ocrx_word' id='word_1_108' title='bbox 981 935 1045 975; x_wconf 98' lang='lat'><strong>75.</strong></span> <span class='ocrx_word' id='word_1_109' title='bbox 1104 932 1255 975; x_wconf 81' lang='lat' dir='ltr'><strong>Asiam</strong></span> <span class='ocrx_word' id='word_1_110' title='bbox 1295 948 1450 988; x_wconf 87' lang='lat' dir='ltr'><strong>regens</strong></span> <span class='ocrx_word' id='word_1_111' title='bbox 1486 936 1659 976; x_wconf 90' lang='lat' dir='ltr'><strong>nomine</strong></span> <span class='ocrx_word' id='word_1_112' title='bbox 1688 934 1749 977; x_wconf 90' lang='lat' dir='ltr'><strong>M.</strong></span> <span class='ocrx_word' id='word_1_113' title='bbox 1780 934 1961 977; x_wconf 87' lang='lat' dir='ltr'><strong>Antonii</strong></span> 
     </span>
     <span class='ocr_line' id='line_1_11' title="bbox 229 1000 1962 1059; baseline 0.001 -15"><span class='ocrx_word' id='word_1_114' title='bbox 229 1002 318 1044; x_wconf 88' lang='lat' dir='ltr'><strong>Dio</strong></span> <span class='ocrx_word' id='word_1_115' title='bbox 347 1005 414 1052; x_wconf 88' lang='grc'><strong>49,</strong></span> <span class='ocrx_word' id='word_1_116' title='bbox 446 1004 524 1053; x_wconf 89' lang='grc'><strong>17;</strong></span> <span class='ocrx_word' id='word_1_117' title='bbox 552 1000 746 1056; x_wconf 60' lang='grc' dir='ltr'><em>Αῃήαη.</em></span> <span class='ocrx_word' id='word_1_118' title='bbox 779 1001 817 1043; x_wconf 83' lang='lat' dir='ltr'><strong><em>b.</em></strong></span> <span class='ocrx_word' id='word_1_119' title='bbox 850 1015 884 1043; x_wconf 93' lang='lat' dir='ltr'><strong>c.</strong></span> <span class='ocrx_word' id='word_1_120' title='bbox 913 1003 962 1052; x_wconf 90' lang='lat'><strong>5,</strong></span> <span class='ocrx_word' id='word_1_121' title='bbox 999 1004 1092 1052; x_wconf 86' lang='lat'><strong><em>137,</em></strong></span> <span class='ocrx_word' id='word_1_122' title='bbox 1135 1001 1236 1046; x_wconf 83' lang='lat' dir='ltr'><strong>Sex,</strong></span> <span class='ocrx_word' id='word_1_123' title='bbox 1278 1003 1532 1059; x_wconf 91' lang='lat' dir='ltr'><strong>Pompeium</strong></span> <span class='ocrx_word' id='word_1_124' title='bbox 1574 1002 1736 1045; x_wconf 89' lang='lat' dir='ltr'><strong>bellum</strong></span> <span class='ocrx_word' id='word_1_125' title='bbox 1777 1004 1962 1045; x_wconf 83' lang='lat' dir='ltr'><strong>cientem</strong></span> 
     </span>
     <span class='ocr_line' id='line_1_12' title="bbox 233 1068 1962 1128; baseline 0.001 -16"><span class='ocrx_word' id='word_1_126' title='bbox 233 1071 439 1128; x_wconf 88' lang='lat' dir='ltr'><strong>opprimit</strong></span> <span class='ocrx_word' id='word_1_127' title='bbox 468 1070 524 1125; x_wconf 86' lang='lat' dir='ltr'><strong>(a.</strong></span> <span class='ocrx_word' id='word_1_128' title='bbox 555 1085 597 1112; x_wconf 92' lang='lat' dir='ltr'><strong>u.</strong></span> <span class='ocrx_word' id='word_1_129' title='bbox 629 1086 665 1112; x_wconf 91' lang='lat' dir='ltr'><strong>c.</strong></span> <span class='ocrx_word' id='word_1_130' title='bbox 687 1070 789 1124; x_wconf 84' lang='lat'><strong><em>719)</em></strong></span> <span class='ocrx_word' id='word_1_131' title='bbox 826 1068 915 1112; x_wconf 86' lang='lat' dir='ltr'><strong>Dio</strong></span> <span class='ocrx_word' id='word_1_132' title='bbox 942 1073 1010 1120; x_wconf 90' lang='lat'><strong>49,</strong></span> <span class='ocrx_word' id='word_1_133' title='bbox 1042 1074 1109 1112; x_wconf 93' lang='lat'><strong>17.</strong></span> <span class='ocrx_word' id='word_1_134' title='bbox 1141 1073 1220 1121; x_wconf 93' lang='lat'><strong><em>18,·</em></strong></span> <span class='ocrx_word' id='word_1_135' title='bbox 1247 1070 1439 1125; x_wconf 77' lang='lat' dir='ltr'><strong>Appian.</strong></span> <span class='ocrx_word' id='word_1_136' title='bbox 1467 1074 1506 1122; x_wconf 88' lang='lat'><strong><em>5,</em></strong></span> <span class='ocrx_word' id='word_1_137' title='bbox 1530 1075 1747 1123; x_wconf 85' lang='lat'><strong><em>137—144,·</em></strong></span> <span class='ocrx_word' id='word_1_138' title='bbox 1786 1072 1962 1115; x_wconf 85' lang='lat' dir='ltr'><strong>Orosius</strong></span> 
     </span>
     <span class='ocr_line' id='line_1_13' title="bbox 232 1137 1962 1194; baseline 0 -11"><span class='ocrx_word' id='word_1_139' title='bbox 232 1143 270 1190; x_wconf 89' lang='grc'><em>6,</em></span> <span class='ocrx_word' id='word_1_140' title='bbox 292 1142 360 1190; x_wconf 90' lang='grc'><strong>19,</strong></span> <span class='ocrx_word' id='word_1_141' title='bbox 381 1142 425 1183; x_wconf 89' lang='grc'><strong>2.</strong></span> <span class='ocrx_word' id='word_1_142' title='bbox 467 1138 653 1181; x_wconf 85' lang='lat' dir='ltr'><strong>Causam</strong></span> <span class='ocrx_word' id='word_1_143' title='bbox 682 1137 873 1194; x_wconf 90' lang='lat' dir='ltr'><strong>aliquam</strong></span> <span class='ocrx_word' id='word_1_144' title='bbox 902 1139 994 1193; x_wconf 85' lang='lat' dir='ltr'><strong>agit</strong></span> <span class='ocrx_word' id='word_1_145' title='bbox 1013 1153 1159 1180; x_wconf 89' lang='lat' dir='ltr'><strong>coram</strong></span> <span class='ocrx_word' id='word_1_146' title='bbox 1181 1138 1369 1181; x_wconf 88' lang='lat' dir='ltr'><strong>Antonio</strong></span> <span class='ocrx_word' id='word_1_147' title='bbox 1390 1139 1510 1182; x_wconf 87' lang='lat' dir='ltr'><strong>Plut.</strong></span> <span class='ocrx_word' id='word_1_148' title='bbox 1533 1140 1636 1182; x_wconf 88' lang='lat' dir='ltr'><strong>Ant.</strong></span> <span class='ocrx_word' id='word_1_149' title='bbox 1656 1143 1724 1183; x_wconf 88' lang='grc'><strong>58.</strong></span> <span class='ocrx_word' id='word_1_150' title='bbox 1774 1141 1962 1183; x_wconf 83' lang='lat' dir='ltr'><strong>Devicto</strong></span> 
     </span>
     <span class='ocr_line' id='line_1_14' title="bbox 229 1206 1961 1263; baseline 0.001 -13"><span class='ocrx_word' id='word_1_151' title='bbox 229 1208 421 1251; x_wconf 92' lang='lat' dir='ltr'><strong>Antonio</strong></span> <span class='ocrx_word' id='word_1_152' title='bbox 452 1208 580 1249; x_wconf 90' lang='lat' dir='ltr'><strong>venia</strong></span> <span class='ocrx_word' id='word_1_153' title='bbox 609 1207 838 1263; x_wconf 88' lang='lat' dir='ltr'><strong>impetrata</strong></span> <span class='ocrx_word' id='word_1_154' title='bbox 867 1208 906 1248; x_wconf 94' lang='lat' dir='ltr'><strong>ei</strong></span> <span class='ocrx_word' id='word_1_155' title='bbox 937 1207 1054 1263; x_wconf 88' lang='lat' dir='ltr'><strong>apud</strong></span> <span class='ocrx_word' id='word_1_156' title='bbox 1086 1206 1316 1250; x_wconf 87' lang='lat' dir='ltr'><strong>Caesarem</strong></span> <span class='ocrx_word' id='word_1_157' title='bbox 1341 1223 1368 1249; x_wconf 88' lang='lat' dir='ltr'><strong>a</strong></span> <span class='ocrx_word' id='word_1_158' title='bbox 1396 1207 1485 1249; x_wconf 92' lang='lat' dir='ltr'><strong>filio</strong></span> <span class='ocrx_word' id='word_1_159' title='bbox 1514 1208 1676 1251; x_wconf 78' lang='lat' dir='ltr'><strong>Seneca</strong></span> <span class='ocrx_word' id='word_1_160' title='bbox 1707 1210 1798 1252; x_wconf 82' lang='lat' dir='ltr'><strong>ben.</strong></span> <span class='ocrx_word' id='word_1_161' title='bbox 1826 1213 1869 1260; x_wconf 92' lang='lat'><strong>2,</strong></span> <span class='ocrx_word' id='word_1_162' title='bbox 1891 1212 1961 1252; x_wconf 88' lang='grc'><strong>25.</strong></span> 
     </span>
     <span class='ocr_line' id='line_1_15' title="bbox 233 1275 1963 1333; baseline 0.001 -14"><span class='ocrx_word' id='word_1_163' title='bbox 233 1276 343 1320; x_wconf 88' lang='grc'><em>011111</em></span> <span class='ocrx_word' id='word_1_164' title='bbox 374 1275 524 1318; x_wconf 91' lang='lat' dir='ltr'><strong>consul</strong></span> <span class='ocrx_word' id='word_1_165' title='bbox 553 1275 806 1330; x_wconf 87' lang='lat' dir='ltr'><strong>designatus</strong></span> <span class='ocrx_word' id='word_1_166' title='bbox 838 1282 972 1331; x_wconf 89' lang='lat' dir='ltr'><strong>esset,</strong></span> <span class='ocrx_word' id='word_1_167' title='bbox 1003 1275 1080 1318; x_wconf 91' lang='lat' dir='ltr'><strong>sed</strong></span> <span class='ocrx_word' id='word_1_168' title='bbox 1110 1275 1220 1318; x_wconf 91' lang='lat' dir='ltr'><strong>alius</strong></span> <span class='ocrx_word' id='word_1_169' title='bbox 1250 1276 1394 1318; x_wconf 89' lang='lat' dir='ltr'><strong>locum</strong></span> <span class='ocrx_word' id='word_1_170' title='bbox 1425 1277 1516 1318; x_wconf 88' lang='lat' dir='ltr'><strong>eius</strong></span> <span class='ocrx_word' id='word_1_171' title='bbox 1548 1279 1858 1333; x_wconf 79' lang='lat' dir='ltr'><strong>occupavisset,</strong></span> <span class='ocrx_word' id='word_1_172' title='bbox 1890 1278 1963 1320; x_wconf 88' lang='lat' dir='ltr'><strong>ad-</strong></span> 
     </span>
     <span class='ocr_line' id='line_1_16' title="bbox 230 1343 1964 1400; baseline 0.001 -13"><span class='ocrx_word' id='word_1_173' title='bbox 230 1345 370 1388; x_wconf 90' lang='lat' dir='ltr'><strong>lectus</strong></span> <span class='ocrx_word' id='word_1_174' title='bbox 409 1346 523 1387; x_wconf 89' lang='lat' dir='ltr'><strong>inter</strong></span> <span class='ocrx_word' id='word_1_175' title='bbox 561 1343 808 1387; x_wconf 87' lang='lat' dir='ltr'><strong>consulares</strong></span> <span class='ocrx_word' id='word_1_176' title='bbox 848 1360 874 1386; x_wconf 89' lang='lat' dir='ltr'><strong>a</strong></span> <span class='ocrx_word' id='word_1_177' title='bbox 911 1344 1099 1387; x_wconf 85' lang='lat' dir='ltr'><strong>Caesare</strong></span> <span class='ocrx_word' id='word_1_178' title='bbox 1135 1359 1173 1389; x_wconf 86' lang='lat' dir='ltr'><strong>a.</strong></span> <span class='ocrx_word' id='word_1_179' title='bbox 1205 1345 1288 1387; x_wconf 87' lang='lat'><strong>725</strong></span> <span class='ocrx_word' id='word_1_180' title='bbox 1319 1344 1408 1387; x_wconf 91' lang='lat' dir='ltr'><strong>Dio</strong></span> <span class='ocrx_word' id='word_1_181' title='bbox 1433 1348 1503 1395; x_wconf 88' lang='lat'><strong>52,</strong></span> <span class='ocrx_word' id='word_1_182' title='bbox 1530 1349 1589 1388; x_wconf 88' lang='grc'><strong>42</strong></span> <span class='ocrx_word' id='word_1_183' title='bbox 1619 1343 1691 1400; x_wconf 82' lang='lat' dir='ltr'><strong><em>(cf.</em></strong></span> <span class='ocrx_word' id='word_1_184' title='bbox 1726 1347 1964 1389; x_wconf 75' lang='lat' dir='ltr'><strong>Mommsen</strong></span> 
     </span>
     <span class='ocr_line' id='line_1_17' title="bbox 233 1412 1964 1471; baseline 0.001 -15"><span class='ocrx_word' id='word_1_185' title='bbox 233 1414 421 1457; x_wconf 80' lang='lat' dir='ltr'><strong>Staatsr.</strong></span> <span class='ocrx_word' id='word_1_186' title='bbox 452 1413 533 1456; x_wconf 67' lang='lat' dir='ltr'><strong>II8</strong></span> <span class='ocrx_word' id='word_1_187' title='bbox 566 1428 615 1468; x_wconf 78' lang='lat' dir='ltr'><strong>p.</strong></span> <span class='ocrx_word' id='word_1_188' title='bbox 641 1416 727 1456; x_wconf 90' lang='grc'><strong>942</strong></span> <span class='ocrx_word' id='word_1_189' title='bbox 754 1415 840 1455; x_wconf 91' lang='lat' dir='ltr'><strong>not.</strong></span> <span class='ocrx_word' id='word_1_190' title='bbox 861 1415 929 1469; x_wconf 86' lang='lat'><strong><em>3).</em></strong></span> <span class='ocrx_word' id='word_1_191' title='bbox 992 1412 1105 1455; x_wconf 89' lang='lat' dir='ltr'><strong>Filio</strong></span> <span class='ocrx_word' id='word_1_192' title='bbox 1137 1413 1323 1467; x_wconf 85' lang='lat' dir='ltr'><strong>(consuli</strong></span> <span class='ocrx_word' id='word_1_193' title='bbox 1363 1429 1402 1456; x_wconf 90' lang='lat' dir='ltr'><strong>a.</strong></span> <span class='ocrx_word' id='word_1_194' title='bbox 1433 1430 1475 1458; x_wconf 85' lang='lat' dir='ltr'><strong>u.</strong></span> <span class='ocrx_word' id='word_1_195' title='bbox 1507 1428 1543 1456; x_wconf 92' lang='lat' dir='ltr'><strong>c.</strong></span> <span class='ocrx_word' id='word_1_196' title='bbox 1578 1414 1679 1470; x_wconf 87' lang='lat'><strong>737)</strong></span> <span class='ocrx_word' id='word_1_197' title='bbox 1719 1417 1964 1471; x_wconf 83' lang='lat' dir='ltr'><strong>supervixit</strong></span> 
     </span>
     <span class='ocr_line' id='line_1_18' title="bbox 231 1480 1964 1537; baseline 0.001 -12"><span class='ocrx_word' id='word_1_198' title='bbox 231 1482 529 1537; x_wconf 75' lang='lat' dir='ltr'><strong>Hieronymus,</strong></span> <span class='ocrx_word' id='word_1_199' title='bbox 559 1507 618 1511; x_wconf 97' lang='lat'><strong>—</strong></span> <span class='ocrx_word' id='word_1_200' title='bbox 657 1481 817 1525; x_wconf 87' lang='lat' dir='ltr'><strong>Orator</strong></span> <span class='ocrx_word' id='word_1_201' title='bbox 847 1480 990 1523; x_wconf 88' lang='lat' dir='ltr'><strong>clarus</strong></span> <span class='ocrx_word' id='word_1_202' title='bbox 1021 1481 1207 1524; x_wconf 89' lang='lat' dir='ltr'><strong>habetur</strong></span> <span class='ocrx_word' id='word_1_203' title='bbox 1236 1482 1524 1536; x_wconf 77' lang='lat' dir='ltr'><strong>Hieronymus</strong></span> <span class='ocrx_word' id='word_1_204' title='bbox 1553 1483 1612 1525; x_wconf 89' lang='lat' dir='ltr'><strong>ad</strong></span> <span class='ocrx_word' id='word_1_205' title='bbox 1640 1498 1681 1525; x_wconf 91' lang='lat' dir='ltr'><strong>a.</strong></span> <span class='ocrx_word' id='word_1_206' title='bbox 1712 1483 1821 1526; x_wconf 79' lang='lat' dir='ltr'><strong><em>Abr.</em></strong></span> <span class='ocrx_word' id='word_1_207' title='bbox 1853 1487 1964 1526; x_wconf 91' lang='grc'><em>1980</em></span> 
     </span>
     <span class='ocr_line' id='line_1_19' title="bbox 235 1550 1638 1608; baseline 0.001 -15"><span class='ocrx_word' id='word_1_208' title='bbox 235 1550 308 1605; x_wconf 88' lang='lat'><strong>(=</strong></span> <span class='ocrx_word' id='word_1_209' title='bbox 329 1554 413 1593; x_wconf 92' lang='lat'><strong>717</strong></span> <span class='ocrx_word' id='word_1_210' title='bbox 430 1565 471 1593; x_wconf 89' lang='lat' dir='ltr'><strong>a.</strong></span> <span class='ocrx_word' id='word_1_211' title='bbox 491 1565 535 1593; x_wconf 90' lang='lat' dir='ltr'><strong>u.</strong></span> <span class='ocrx_word' id='word_1_212' title='bbox 555 1552 633 1608; x_wconf 88' lang='lat' dir='ltr'><strong><em>c.),·</em></strong></span> <span class='ocrx_word' id='word_1_213' title='bbox 662 1551 776 1592; x_wconf 91' lang='lat' dir='ltr'><strong>inter</strong></span> <span class='ocrx_word' id='word_1_214' title='bbox 806 1557 998 1592; x_wconf 89' lang='lat' dir='ltr'><strong>oratores</strong></span> <span class='ocrx_word' id='word_1_215' title='bbox 1027 1557 1293 1593; x_wconf 90' lang='lat' dir='ltr'><strong>memoratur</strong></span> <span class='ocrx_word' id='word_1_216' title='bbox 1317 1552 1416 1594; x_wconf 81' lang='lat' dir='ltr'><strong>Tae.</strong></span> <span class='ocrx_word' id='word_1_217' title='bbox 1439 1551 1543 1594; x_wconf 83' lang='lat' dir='ltr'><strong>dial.</strong></span> <span class='ocrx_word' id='word_1_218' title='bbox 1566 1555 1638 1595; x_wconf 89' lang='lat'><strong>21.</strong></span> 
     </span>
    </p>

    <p class='ocr_par' dir='ltr' id='par_1_4' title="bbox 148 1619 1968 2019">
     <span class='ocr_line' id='line_1_20' title="bbox 148 1619 1964 1674; baseline 0.001 -11"><span class='ocrx_word' id='word_1_219' title='bbox 148 1621 231 1663; x_wconf 88' lang='lat'><strong>415</strong></span> <span class='ocrx_word' id='word_1_220' title='bbox 264 1626 305 1663; x_wconf 88' lang='lat' dir='ltr'><strong>C.</strong></span> <span class='ocrx_word' id='word_1_221' title='bbox 335 1625 552 1662; x_wconf 85' lang='lat' dir='ltr'><strong>FVRNIVS</strong></span> <span class='ocrx_word' id='word_1_222' title='bbox 583 1620 792 1674; x_wconf 88' lang='lat' dir='ltr'><strong>(Firmius</strong></span> <span class='ocrx_word' id='word_1_223' title='bbox 822 1619 998 1662; x_wconf 79' lang='lat' dir='ltr'><strong>Orosius</strong></span> <span class='ocrx_word' id='word_1_224' title='bbox 1027 1623 1066 1670; x_wconf 89' lang='lat'><strong>6,</strong></span> <span class='ocrx_word' id='word_1_225' title='bbox 1087 1623 1158 1670; x_wconf 87' lang='grc'><strong>21,</strong></span> <span class='ocrx_word' id='word_1_226' title='bbox 1181 1623 1207 1662; x_wconf 89' lang='grc'><em>6</em></span> <span class='ocrx_word' id='word_1_227' title='bbox 1237 1634 1400 1671; x_wconf 89' lang='lat' dir='ltr'><strong>errore,</strong></span> <span class='ocrx_word' id='word_1_228' title='bbox 1441 1621 1614 1663; x_wconf 87' lang='lat' dir='ltr'><strong>Firmus</strong></span> <span class='ocrx_word' id='word_1_229' title='bbox 1645 1622 1773 1663; x_wconf 77' lang='lat' dir='ltr'><strong>etiam</strong></span> <span class='ocrx_word' id='word_1_230' title='bbox 1805 1622 1964 1664; x_wconf 87' lang='lat' dir='ltr'><strong>codices</strong></span> 
     </span>
     <span class='ocr_line' id='line_1_21' title="bbox 232 1687 1964 1746; baseline 0.001 -15"><span class='ocrx_word' id='word_1_231' title='bbox 232 1688 398 1743; x_wconf 89' lang='lat' dir='ltr'><strong>Flori),</strong></span> <span class='ocrx_word' id='word_1_232' title='bbox 427 1687 544 1730; x_wconf 90' lang='lat' dir='ltr'><strong>filius</strong></span> <span class='ocrx_word' id='word_1_233' title='bbox 574 1689 667 1730; x_wconf 87' lang='lat' dir='ltr'><strong>eius</strong></span> <span class='ocrx_word' id='word_1_234' title='bbox 696 1689 773 1745; x_wconf 78' lang='lat' dir='ltr'><strong>qui</strong></span> <span class='ocrx_word' id='word_1_235' title='bbox 803 1688 1038 1744; x_wconf 90' lang='lat' dir='ltr'><strong>praecedit.</strong></span> <span class='ocrx_word' id='word_1_236' title='bbox 1090 1689 1211 1730; x_wconf 88' lang='lat' dir='ltr'><strong>Patri</strong></span> <span class='ocrx_word' id='word_1_237' title='bbox 1232 1688 1413 1731; x_wconf 90' lang='lat' dir='ltr'><strong>Antonii</strong></span> <span class='ocrx_word' id='word_1_238' title='bbox 1441 1696 1583 1746; x_wconf 87' lang='lat' dir='ltr'><strong>partes</strong></span> <span class='ocrx_word' id='word_1_239' title='bbox 1614 1697 1760 1732; x_wconf 85' lang='lat' dir='ltr'><strong>secuto</strong></span> <span class='ocrx_word' id='word_1_240' title='bbox 1792 1692 1964 1737; x_wconf 81' lang='lat' dir='ltr'><strong>veniam</strong></span> 
     </span>
     <span class='ocr_line' id='line_1_22' title="bbox 233 1756 1966 1815; baseline 0.001 -16"><span class='ocrx_word' id='word_1_241' title='bbox 233 1758 437 1814; x_wconf 88' lang='lat' dir='ltr'><strong>impetrat</strong></span> <span class='ocrx_word' id='word_1_242' title='bbox 466 1772 493 1798; x_wconf 92' lang='lat' dir='ltr'><strong>a</strong></span> <span class='ocrx_word' id='word_1_243' title='bbox 523 1756 710 1799; x_wconf 85' lang='lat' dir='ltr'><strong>Caesare</strong></span> <span class='ocrx_word' id='word_1_244' title='bbox 740 1756 901 1799; x_wconf 80' lang='lat' dir='ltr'><strong>Seneca</strong></span> <span class='ocrx_word' id='word_1_245' title='bbox 931 1757 1021 1799; x_wconf 78' lang='lat' dir='ltr'><strong>ben.</strong></span> <span class='ocrx_word' id='word_1_246' title='bbox 1043 1760 1086 1807; x_wconf 91' lang='lat'><strong>2,</strong></span> <span class='ocrx_word' id='word_1_247' title='bbox 1108 1760 1179 1800; x_wconf 87' lang='lat'><strong><em>25.</em></strong></span> <span class='ocrx_word' id='word_1_248' title='bbox 1235 1757 1426 1812; x_wconf 89' lang='lat' dir='ltr'><strong>Legatus</strong></span> <span class='ocrx_word' id='word_1_249' title='bbox 1455 1757 1645 1813; x_wconf 86' lang='lat' dir='ltr'><strong>Augusti</strong></span> <span class='ocrx_word' id='word_1_250' title='bbox 1676 1759 1722 1800; x_wconf 90' lang='lat' dir='ltr'><strong>in</strong></span> <span class='ocrx_word' id='word_1_251' title='bbox 1752 1759 1966 1815; x_wconf 89' lang='lat' dir='ltr'><strong>Hispania</strong></span> 
     </span>
     <span class='ocr_line' id='line_1_23' title="bbox 233 1824 1966 1882; baseline 0.002 -15"><span class='ocrx_word' id='word_1_252' title='bbox 233 1840 324 1868; x_wconf 87' lang='lat' dir='ltr'><strong>rem</strong></span> <span class='ocrx_word' id='word_1_253' title='bbox 367 1825 479 1868; x_wconf 92' lang='lat' dir='ltr'><strong>bene</strong></span> <span class='ocrx_word' id='word_1_254' title='bbox 522 1826 637 1881; x_wconf 87' lang='lat' dir='ltr'><strong>gerit</strong></span> <span class='ocrx_word' id='word_1_255' title='bbox 681 1832 833 1867; x_wconf 89' lang='lat' dir='ltr'><strong>contra</strong></span> <span class='ocrx_word' id='word_1_256' title='bbox 877 1824 1119 1868; x_wconf 89' lang='lat' dir='ltr'><strong>Cantabros</strong></span> <span class='ocrx_word' id='word_1_257' title='bbox 1159 1825 1325 1868; x_wconf 89' lang='lat' dir='ltr'><strong>Florus</strong></span> <span class='ocrx_word' id='word_1_258' title='bbox 1354 1830 1403 1877; x_wconf 88' lang='grc'><strong>4,</strong></span> <span class='ocrx_word' id='word_1_259' title='bbox 1433 1829 1513 1877; x_wconf 90' lang='grc'><strong>12,</strong></span> <span class='ocrx_word' id='word_1_260' title='bbox 1545 1829 1599 1869; x_wconf 89' lang='grc'><strong>51</strong></span> <span class='ocrx_word' id='word_1_261' title='bbox 1637 1827 1708 1882; x_wconf 91' lang='grc'><strong>[2,</strong></span> <span class='ocrx_word' id='word_1_262' title='bbox 1737 1827 1812 1882; x_wconf 90' lang='grc'><strong>33]</strong></span> <span class='ocrx_word' id='word_1_263' title='bbox 1852 1826 1966 1880; x_wconf 84' lang='lat' dir='ltr'><strong>(inde</strong></span> 
     </span>
     <span class='ocr_line' id='line_1_24' title="bbox 233 1894 1964 1951; baseline 0.001 -13"><span class='ocrx_word' id='word_1_264' title='bbox 233 1894 409 1938; x_wconf 82' lang='lat' dir='ltr'><strong>Orosius</strong></span> <span class='ocrx_word' id='word_1_265' title='bbox 429 1897 466 1945; x_wconf 89' lang='grc'><strong>6,</strong></span> <span class='ocrx_word' id='word_1_266' title='bbox 487 1898 560 1945; x_wconf 90' lang='grc'><strong>21,</strong></span> <span class='ocrx_word' id='word_1_267' title='bbox 581 1897 649 1950; x_wconf 89' lang='grc'><em>6),·</em></span> <span class='ocrx_word' id='word_1_268' title='bbox 677 1894 767 1936; x_wconf 86' lang='lat' dir='ltr'><strong>Dio</strong></span> <span class='ocrx_word' id='word_1_269' title='bbox 786 1897 852 1945; x_wconf 88' lang='grc'><strong>54,</strong></span> <span class='ocrx_word' id='word_1_270' title='bbox 874 1897 902 1937; x_wconf 90' lang='grc'><em>5</em></span> <span class='ocrx_word' id='word_1_271' title='bbox 932 1895 1044 1951; x_wconf 90' lang='lat' dir='ltr'><strong>(ipso</strong></span> <span class='ocrx_word' id='word_1_272' title='bbox 1070 1894 1268 1949; x_wconf 83' lang='lat' dir='ltr'><strong>Augusto</strong></span> <span class='ocrx_word' id='word_1_273' title='bbox 1290 1896 1538 1937; x_wconf 87' lang='lat' dir='ltr'><strong>Tarracone</strong></span> <span class='ocrx_word' id='word_1_274' title='bbox 1568 1895 1836 1951; x_wconf 87' lang='lat' dir='ltr'><strong>hibernante,</strong></span> <span class='ocrx_word' id='word_1_275' title='bbox 1870 1898 1897 1940; x_wconf 90' lang='lat' dir='ltr'><strong>i.</strong></span> <span class='ocrx_word' id='word_1_276' title='bbox 1929 1911 1964 1940; x_wconf 91' lang='grc'><strong>6.</strong></span> 
     </span>
     <span class='ocr_line' id='line_1_25' title="bbox 235 1962 1968 2019; baseline 0.002 -15"><span class='ocrx_word' id='word_1_277' title='bbox 235 1978 348 2005; x_wconf 89' lang='grc'><em>311110</em></span> <span class='ocrx_word' id='word_1_278' title='bbox 370 1963 452 2006; x_wconf 89' lang='grc'><strong>728</strong></span> <span class='ocrx_word' id='word_1_279' title='bbox 474 1962 544 2005; x_wconf 87' lang='lat' dir='ltr'><strong>vel</strong></span> <span class='ocrx_word' id='word_1_280' title='bbox 566 1963 648 2006; x_wconf 86' lang='lat'><strong>729</strong></span> <span class='ocrx_word' id='word_1_281' title='bbox 666 1962 846 2013; x_wconf 87' lang='lat' dir='ltr'><strong>Florus,</strong></span> <span class='ocrx_word' id='word_1_282' title='bbox 877 1978 916 2006; x_wconf 87' lang='lat' dir='ltr'><strong>a.</strong></span> <span class='ocrx_word' id='word_1_283' title='bbox 940 1963 1023 2006; x_wconf 85' lang='lat'><strong>732</strong></span> <span class='ocrx_word' id='word_1_284' title='bbox 1054 1962 1156 2013; x_wconf 89' lang='lat' dir='ltr'><strong>Dio,</strong></span> <span class='ocrx_word' id='word_1_285' title='bbox 1187 1964 1262 2017; x_wconf 79' lang='lat' dir='ltr'><strong>qui</strong></span> <span class='ocrx_word' id='word_1_286' title='bbox 1290 1963 1412 2006; x_wconf 82' lang='lat' dir='ltr'><strong>addit</strong></span> <span class='ocrx_word' id='word_1_287' title='bbox 1439 1977 1592 2006; x_wconf 83' lang='lat' dir='ltr'><strong>novum</strong></span> <span class='ocrx_word' id='word_1_288' title='bbox 1621 1965 1754 2018; x_wconf 81' lang='lat' dir='ltr'><strong>fuisse</strong></span> <span class='ocrx_word' id='word_1_289' title='bbox 1785 1965 1968 2019; x_wconf 73' lang='lat' dir='ltr'><strong>leyatum</strong></span> 
     </span>
    </p>

    <p class='ocr_par' dir='ltr' id='par_1_5' title="bbox 180 2030 1966 2294">
     <span class='ocr_line' id='line_1_26' title="bbox 180 2030 1965 2088; baseline 0.001 -14"><span class='ocrx_word' id='word_1_290' title='bbox 180 2041 191 2043; x_wconf 80' lang='grc'><em>”</em></span> <span class='ocrx_word' id='word_1_291' title='bbox 236 2031 411 2086; x_wconf 77' lang='lat' dir='ltr'><strong>ideoque</strong></span> <span class='ocrx_word' id='word_1_292' title='bbox 441 2046 470 2073; x_wconf 90' lang='lat' dir='ltr'><strong>a</strong></span> <span class='ocrx_word' id='word_1_293' title='bbox 498 2031 701 2074; x_wconf 85' lang='lat' dir='ltr'><strong>barbaris</strong></span> <span class='ocrx_word' id='word_1_294' title='bbox 730 2031 1040 2086; x_wconf 77' lang='lat' dir='ltr'><strong>contemptum).</strong></span> <span class='ocrx_word' id='word_1_295' title='bbox 1101 2030 1263 2074; x_wconf 89' lang='lat' dir='ltr'><strong>Consul</strong></span> <span class='ocrx_word' id='word_1_296' title='bbox 1303 2032 1548 2074; x_wconf 89' lang='lat' dir='ltr'><strong>ordinarius</strong></span> <span class='ocrx_word' id='word_1_297' title='bbox 1578 2048 1616 2075; x_wconf 90' lang='lat' dir='ltr'><strong>a.</strong></span> <span class='ocrx_word' id='word_1_298' title='bbox 1649 2034 1731 2076; x_wconf 87' lang='lat'><strong>737</strong></span> <span class='ocrx_word' id='word_1_299' title='bbox 1762 2034 1880 2088; x_wconf 81' lang='lat' dir='ltr'><strong>fasti.</strong></span> <span class='ocrx_word' id='word_1_300' title='bbox 1915 2059 1965 2062; x_wconf 87' lang='lat'>—</span> 
     </span>
     <span class='ocr_line' id='line_1_27' title="bbox 235 2099 1966 2159; baseline 0.002 -16"><span class='ocrx_word' id='word_1_301' title='bbox 235 2100 398 2143; x_wconf 88' lang='lat' dir='ltr'><strong>Oratur</strong></span> <span class='ocrx_word' id='word_1_302' title='bbox 427 2099 570 2142; x_wconf 90' lang='lat' dir='ltr'><strong>clarus</strong></span> <span class='ocrx_word' id='word_1_303' title='bbox 601 2099 789 2143; x_wconf 89' lang='lat' dir='ltr'><strong>habetur</strong></span> <span class='ocrx_word' id='word_1_304' title='bbox 817 2100 1103 2155; x_wconf 76' lang='lat' dir='ltr'><strong>Hieronymus</strong></span> <span class='ocrx_word' id='word_1_305' title='bbox 1134 2100 1192 2142; x_wconf 87' lang='lat' dir='ltr'><strong>ad</strong></span> <span class='ocrx_word' id='word_1_306' title='bbox 1225 2115 1265 2144; x_wconf 93' lang='lat' dir='ltr'><strong>a.</strong></span> <span class='ocrx_word' id='word_1_307' title='bbox 1298 2101 1407 2143; x_wconf 86' lang='lat' dir='ltr'><strong>Abr.</strong></span> <span class='ocrx_word' id='word_1_308' title='bbox 1429 2104 1540 2143; x_wconf 86' lang='lat'><strong><em>1980</em></strong></span> <span class='ocrx_word' id='word_1_309' title='bbox 1571 2100 1644 2154; x_wconf 84' lang='lat'><strong>(=</strong></span> <span class='ocrx_word' id='word_1_310' title='bbox 1673 2106 1753 2144; x_wconf 84' lang='lat'><strong>717</strong></span> <span class='ocrx_word' id='word_1_311' title='bbox 1774 2117 1814 2144; x_wconf 90' lang='lat' dir='ltr'><strong>a.</strong></span> <span class='ocrx_word' id='word_1_312' title='bbox 1834 2117 1876 2147; x_wconf 91' lang='lat' dir='ltr'><strong>u.</strong></span> <span class='ocrx_word' id='word_1_313' title='bbox 1901 2105 1966 2159; x_wconf 70' lang='grc'><em>6.).</em></span> 
     </span>
     <span class='ocr_line' id='line_1_28' title="bbox 234 2168 1966 2226; baseline 0.001 -15"><span class='ocrx_word' id='word_1_314' title='bbox 234 2169 322 2226; x_wconf 84' lang='lat' dir='ltr'><strong>Hie</strong></span> <span class='ocrx_word' id='word_1_315' title='bbox 342 2170 490 2224; x_wconf 72' lang='lat' dir='ltr'><strong>potius</strong></span> <span class='ocrx_word' id='word_1_316' title='bbox 517 2183 646 2223; x_wconf 79' lang='lat' dir='ltr'><strong>quam</strong></span> <span class='ocrx_word' id='word_1_317' title='bbox 666 2172 797 2223; x_wconf 76' lang='lat' dir='ltr'><strong>pater</strong></span> <span class='ocrx_word' id='word_1_318' title='bbox 825 2168 1022 2211; x_wconf 83' lang='lat' dir='ltr'><strong>Furnius</strong></span> <span class='ocrx_word' id='word_1_319' title='bbox 1049 2172 1311 2211; x_wconf 89' lang='lat' dir='ltr'><strong>memoratur</strong></span> <span class='ocrx_word' id='word_1_320' title='bbox 1341 2171 1395 2212; x_wconf 87' lang='lat' dir='ltr'><strong>ab</strong></span> <span class='ocrx_word' id='word_1_321' title='bbox 1424 2170 1612 2213; x_wconf 90' lang='lat' dir='ltr'><strong>Horatio</strong></span> <span class='ocrx_word' id='word_1_322' title='bbox 1641 2174 1723 2213; x_wconf 89' lang='lat' dir='ltr'><strong>sat.</strong></span> <span class='ocrx_word' id='word_1_323' title='bbox 1746 2175 1784 2222; x_wconf 94' lang='lat'><strong>1,</strong></span> <span class='ocrx_word' id='word_1_324' title='bbox 1810 2175 1877 2222; x_wconf 87' lang='lat'><strong>10,</strong></span> <span class='ocrx_word' id='word_1_325' title='bbox 1899 2174 1966 2213; x_wconf 85' lang='lat'><strong><em>86.</em></strong></span> 
     </span>
     <span class='ocr_line' id='line_1_29' title="bbox 235 2237 1186 2294; baseline 0.003 -15"><span class='ocrx_word' id='word_1_326' title='bbox 235 2237 422 2280; x_wconf 89' lang='lat' dir='ltr'><strong>Moritur</strong></span> <span class='ocrx_word' id='word_1_327' title='bbox 452 2244 552 2280; x_wconf 92' lang='lat' dir='ltr'><strong>ante</strong></span> <span class='ocrx_word' id='word_1_328' title='bbox 582 2243 751 2294; x_wconf 90' lang='lat' dir='ltr'><strong>patrem</strong></span> <span class='ocrx_word' id='word_1_329' title='bbox 782 2238 1066 2293; x_wconf 74' lang='lat' dir='ltr'><strong>Hieronymus</strong></span> <span class='ocrx_word' id='word_1_330' title='bbox 1096 2238 1122 2282; x_wconf 92' lang='lat' dir='ltr'><strong>l.</strong></span> <span class='ocrx_word' id='word_1_331' title='bbox 1152 2252 1186 2282; x_wconf 78' lang='lat' dir='ltr'><strong>e.</strong></span> 
     </span>
    </p>
   </div>
   <div class='ocr_carea' id='block_1_4' title="bbox 75 2306 1968 2363">
    <p class='ocr_par' dir='ltr' id='par_1_6' title="bbox 75 2306 1968 2363">
     <span class='ocr_line' id='line_1_30' title="bbox 75 2306 1968 2363; baseline 0.002 -15"><span class='ocrx_word' id='word_1_332' title='bbox 75 2334 77 2338; x_wconf 35' lang='grc' dir='ltr'><strong><em>ι</em></strong></span> <span class='ocrx_word' id='word_1_333' title='bbox 149 2306 234 2349; x_wconf 91' lang='grc'><strong>416</strong></span> <span class='ocrx_word' id='word_1_334' title='bbox 265 2312 374 2348; x_wconf 91' lang='lat' dir='ltr'><strong>SEX.</strong></span> <span class='ocrx_word' id='word_1_335' title='bbox 404 2312 622 2348; x_wconf 79' lang='lat' dir='ltr'><strong>FVRNIVS</strong></span> <span class='ocrx_word' id='word_1_336' title='bbox 655 2312 980 2349; x_wconf 83' lang='lat' dir='ltr'><strong>SVLPICIANVS</strong></span> <span class='ocrx_word' id='word_1_337' title='bbox 1018 2307 1227 2361; x_wconf 82' lang='lat' dir='ltr'><strong>magister</strong></span> <span class='ocrx_word' id='word_1_338' title='bbox 1260 2306 1472 2350; x_wconf 86' lang='lat' dir='ltr'><strong>sodalium</strong></span> <span class='ocrx_word' id='word_1_339' title='bbox 1503 2307 1810 2363; x_wconf 87' lang='lat' dir='ltr'><strong>Augustalium</strong></span> <span class='ocrx_word' id='word_1_340' title='bbox 1842 2309 1968 2352; x_wconf 88' lang='lat' dir='ltr'><strong>Clau·</strong></span> 
     </span>
    </p>
   </div>
   <div class='ocr_carea' id='block_1_5' title="bbox 149 2374 1970 3393">
    <p class='ocr_par' dir='ltr' id='par_1_7' title="bbox 149 2374 1970 3393">
     <span class='ocr_line' id='line_1_31' title="bbox 236 2374 1221 2419; baseline 0.002 -3"><span class='ocrx_word' id='word_1_341' title='bbox 236 2374 416 2417; x_wconf 88' lang='lat' dir='ltr'><strong>dialium</strong></span> <span class='ocrx_word' id='word_1_342' title='bbox 445 2390 483 2419; x_wconf 90' lang='lat' dir='ltr'><strong>a.</strong></span> <span class='ocrx_word' id='word_1_343' title='bbox 515 2376 599 2418; x_wconf 81' lang='lat'><strong><em>213</em></strong></span> <span class='ocrx_word' id='word_1_344' title='bbox 630 2374 700 2418; x_wconf 85' lang='lat' dir='ltr'><strong>VI</strong></span> <span class='ocrx_word' id='word_1_345' title='bbox 721 2378 835 2417; x_wconf 91' lang='grc'><em>1987</em></span> <span class='ocrx_word' id='word_1_346' title='bbox 861 2395 918 2410; x_wconf 93' lang='lat'><strong><em>=</em></strong></span> <span class='ocrx_word' id='word_1_347' title='bbox 947 2375 1028 2418; x_wconf 80' lang='lat' dir='ltr'><strong>XI</strong></span> <span class='ocrx_word' id='word_1_348' title='bbox 1033 2375 1074 2418; x_wconf 86' lang='lat' dir='ltr'><strong><em>V</em></strong></span> <span class='ocrx_word' id='word_1_349' title='bbox 1094 2378 1221 2419; x_wconf 89' lang='lat'><strong><em>2391.</em></strong></span> 
     </span>
     <span class='ocr_line' id='line_1_32' title="bbox 150 2443 1911 2500; baseline 0.002 -15"><span class='ocrx_word' id='word_1_350' title='bbox 150 2444 233 2486; x_wconf 93' lang='lat'><strong>417</strong></span> <span class='ocrx_word' id='word_1_351' title='bbox 263 2443 443 2486; x_wconf 90' lang='lat' dir='ltr'><strong>Furtius</strong></span> <span class='ocrx_word' id='word_1_352' title='bbox 475 2443 730 2496; x_wconf 79' lang='lat' dir='ltr'><strong>Quadorum</strong></span> <span class='ocrx_word' id='word_1_353' title='bbox 760 2459 853 2494; x_wconf 85' lang='lat' dir='ltr'><strong>rex,</strong></span> <span class='ocrx_word' id='word_1_354' title='bbox 886 2443 968 2486; x_wconf 92' lang='lat' dir='ltr'><strong>sub</strong></span> <span class='ocrx_word' id='word_1_355' title='bbox 999 2444 1060 2486; x_wconf 89' lang='lat' dir='ltr'><strong>M.</strong></span> <span class='ocrx_word' id='word_1_356' title='bbox 1090 2443 1270 2486; x_wconf 88' lang='lat' dir='ltr'><strong>Aurelio</strong></span> <span class='ocrx_word' id='word_1_357' title='bbox 1302 2458 1436 2498; x_wconf 86' lang='lat' dir='ltr'><strong>regno</strong></span> <span class='ocrx_word' id='word_1_358' title='bbox 1465 2444 1615 2500; x_wconf 91' lang='lat' dir='ltr'><strong>pulsus</strong></span> <span class='ocrx_word' id='word_1_359' title='bbox 1646 2444 1735 2488; x_wconf 90' lang='lat' dir='ltr'><strong>Dio</strong></span> <span class='ocrx_word' id='word_1_360' title='bbox 1758 2450 1821 2498; x_wconf 95' lang='lat'><strong>71,</strong></span> <span class='ocrx_word' id='word_1_361' title='bbox 1845 2450 1911 2489; x_wconf 90' lang='grc'><strong>13.</strong></span> 
     </span>
     <span class='ocr_line' id='line_1_33' title="bbox 149 2512 1336 2557; baseline 0.001 -2"><span class='ocrx_word' id='word_1_362' title='bbox 149 2513 234 2556; x_wconf 90' lang='grc'><strong>418</strong></span> <span class='ocrx_word' id='word_1_363' title='bbox 264 2518 542 2555; x_wconf 85' lang='lat' dir='ltr'><strong>FVSCIANVS</strong></span> <span class='ocrx_word' id='word_1_364' title='bbox 573 2512 836 2555; x_wconf 89' lang='lat' dir='ltr'><strong>clarissimus</strong></span> <span class='ocrx_word' id='word_1_365' title='bbox 867 2513 1036 2555; x_wconf 85' lang='lat' dir='ltr'><strong>iuvenis</strong></span> <span class='ocrx_word' id='word_1_366' title='bbox 1064 2512 1192 2556; x_wconf 82' lang='lat' dir='ltr'><strong>XIV</strong></span> <span class='ocrx_word' id='word_1_367' title='bbox 1210 2516 1336 2557; x_wconf 89' lang='grc'><em>2606.</em></span> 
     </span>
     <span class='ocr_line' id='line_1_34' title="bbox 162 2587 842 2624; baseline 0.001 -1"><span class='ocrx_word' id='word_1_368' title='bbox 162 2606 222 2612; x_wconf 84' lang='grc'><strong>-</strong></span> <span class='ocrx_word' id='word_1_369' title='bbox 265 2587 307 2623; x_wconf 91' lang='lat' dir='ltr'><strong>C.</strong></span> <span class='ocrx_word' id='word_1_370' title='bbox 336 2587 520 2623; x_wconf 83' lang='lat' dir='ltr'><strong>ALLIVS</strong></span> <span class='ocrx_word' id='word_1_371' title='bbox 551 2587 842 2624; x_wconf 85' lang='lat' dir='ltr'><strong>FVSCIANVS.</strong></span> 
     </span>
     <span class='ocr_line' id='line_1_35' title="bbox 163 2649 1791 2708; baseline 0.002 -17"><span class='ocrx_word' id='word_1_372' title='bbox 163 2675 222 2680; x_wconf 90' lang='lat'><strong>—</strong></span> <span class='ocrx_word' id='word_1_373' title='bbox 264 2657 316 2691; x_wconf 88' lang='lat' dir='ltr'><strong><em>M.</em></strong></span> <span class='ocrx_word' id='word_1_374' title='bbox 350 2656 613 2692; x_wconf 79' lang='lat' dir='ltr'>CAECILIVS</span> <span class='ocrx_word' id='word_1_375' title='bbox 644 2657 921 2693; x_wconf 76' lang='lat' dir='ltr'>FVSCLANVS</span> <span class='ocrx_word' id='word_1_376' title='bbox 955 2649 1379 2707; x_wconf 85' lang='lat' dir='ltr'><strong><em>CREP[E]RE1ANVS</em></strong></span> <span class='ocrx_word' id='word_1_377' title='bbox 1411 2650 1791 2708; x_wconf 83' lang='lat' dir='ltr'><strong><em>F[L]0R[1]ANVS.</em></strong></span> 
     </span>
     <span class='ocr_line' id='line_1_36' title="bbox 165 2725 730 2764; baseline 0.004 -3"><span class='ocrx_word' id='word_1_378' title='bbox 165 2744 223 2749; x_wconf 89' lang='lat'>—</span> <span class='ocrx_word' id='word_1_379' title='bbox 267 2725 408 2761; x_wconf 89' lang='lat' dir='ltr'>SEIVS</span> <span class='ocrx_word' id='word_1_380' title='bbox 438 2725 730 2764; x_wconf 83' lang='lat' dir='ltr'><strong>FVSCIANVS.</strong></span> 
     </span>
     <span class='ocr_line' id='line_1_37' title="bbox 164 2787 760 2844; baseline 0.003 -14"><span class='ocrx_word' id='word_1_381' title='bbox 164 2812 224 2818; x_wconf 93' lang='lat'><strong>—</strong></span> <span class='ocrx_word' id='word_1_382' title='bbox 266 2787 421 2844; x_wconf 84' lang='lat' dir='ltr'>[SEIA]</span> <span class='ocrx_word' id='word_1_383' title='bbox 446 2793 760 2832; x_wconf 79' lang='lat' dir='ltr'><strong>FVSCINILLA.</strong></span> 
     </span>
     <span class='ocr_line' id='line_1_38' title="bbox 165 2862 785 2899; baseline 0.002 -1"><span class='ocrx_word' id='word_1_384' title='bbox 165 2882 225 2888; x_wconf 94' lang='lat'><strong>-—</strong></span> <span class='ocrx_word' id='word_1_385' title='bbox 266 2862 526 2899; x_wconf 84' lang='lat' dir='ltr'>MATVOCIA</span> <span class='ocrx_word' id='word_1_386' title='bbox 554 2863 785 2899; x_wconf 84' lang='lat' dir='ltr'><strong>FVSCINA.</strong></span> 
     </span>
     <span class='ocr_line' id='line_1_39' title="bbox 151 2925 1968 2983; baseline 0.002 -16"><span class='ocrx_word' id='word_1_387' title='bbox 151 2925 236 2968; x_wconf 87' lang='grc'><strong>419</strong></span> <span class='ocrx_word' id='word_1_388' title='bbox 263 2925 499 2968; x_wconf 88' lang='lat' dir='ltr'><strong>Fuscinus:</strong></span> <span class='ocrx_word' id='word_1_389' title='bbox 531 2940 630 2968; x_wconf 91' lang='lat' dir='ltr'><strong>eum</strong></span> <span class='ocrx_word' id='word_1_390' title='bbox 659 2925 864 2980; x_wconf 90' lang='lat' dir='ltr'><strong>(amicum</strong></span> <span class='ocrx_word' id='word_1_391' title='bbox 889 2933 938 2968; x_wconf 91' lang='lat' dir='ltr'><strong>ut</strong></span> <span class='ocrx_word' id='word_1_392' title='bbox 957 2926 1134 2969; x_wconf 83' lang='lat' dir='ltr'><strong>videtur</strong></span> <span class='ocrx_word' id='word_1_393' title='bbox 1157 2929 1302 2982; x_wconf 92' lang='lat' dir='ltr'><strong>suum)</strong></span> <span class='ocrx_word' id='word_1_394' title='bbox 1332 2926 1583 2983; x_wconf 90' lang='lat' dir='ltr'><strong>adloquitur</strong></span> <span class='ocrx_word' id='word_1_395' title='bbox 1603 2926 1821 2969; x_wconf 83' lang='lat' dir='ltr'><strong>Iuvenalis</strong></span> <span class='ocrx_word' id='word_1_396' title='bbox 1841 2930 1906 2976; x_wconf 87' lang='grc'><strong>14,</strong></span> <span class='ocrx_word' id='word_1_397' title='bbox 1929 2929 1968 2970; x_wconf 90' lang='grc'><strong>1.</strong></span> 
     </span>
     <span class='ocr_line' id='line_1_40' title="bbox 165 3000 915 3038; baseline 0.003 -3"><span class='ocrx_word' id='word_1_398' title='bbox 165 3018 225 3023; x_wconf 85' lang='grc'><strong>-</strong></span> <span class='ocrx_word' id='word_1_399' title='bbox 266 3000 312 3038; x_wconf 89' lang='lat' dir='ltr'><strong>L.</strong></span> <span class='ocrx_word' id='word_1_400' title='bbox 342 3000 627 3036; x_wconf 86' lang='lat' dir='ltr'><strong>MATVCGIVS</strong></span> <span class='ocrx_word' id='word_1_401' title='bbox 657 3000 915 3037; x_wconf 84' lang='lat' dir='ltr'><strong><em>FVSCINVS.</em></strong></span> 
     </span>
     <span class='ocr_line' id='line_1_41' title="bbox 151 3061 1969 3118; baseline -0.001 -13"><span class='ocrx_word' id='word_1_402' title='bbox 151 3062 237 3105; x_wconf 84' lang='lat'><strong>420</strong></span> <span class='ocrx_word' id='word_1_403' title='bbox 265 3062 446 3117; x_wconf 83' lang='lat' dir='ltr'><strong>Fuscus,</strong></span> <span class='ocrx_word' id='word_1_404' title='bbox 479 3062 722 3105; x_wconf 85' lang='lat' dir='ltr'><strong>causidicus</strong></span> <span class='ocrx_word' id='word_1_405' title='bbox 744 3069 793 3106; x_wconf 90' lang='lat' dir='ltr'><strong>ut</strong></span> <span class='ocrx_word' id='word_1_406' title='bbox 813 3063 989 3106; x_wconf 85' lang='lat' dir='ltr'><strong>videtur</strong></span> <span class='ocrx_word' id='word_1_407' title='bbox 1009 3063 1191 3118; x_wconf 86' lang='lat' dir='ltr'><strong>celeber,</strong></span> <span class='ocrx_word' id='word_1_408' title='bbox 1225 3063 1424 3106; x_wconf 81' lang='lat' dir='ltr'><strong>(lominus</strong></span> <span class='ocrx_word' id='word_1_409' title='bbox 1449 3063 1580 3106; x_wconf 86' lang='lat' dir='ltr'><strong>villae</strong></span> <span class='ocrx_word' id='word_1_410' title='bbox 1602 3063 1881 3116; x_wconf 70' lang='lat' dir='ltr'><strong>Tiburtinae,</strong></span> <span class='ocrx_word' id='word_1_411' title='bbox 1912 3061 1969 3104; x_wconf 87' lang='lat' dir='ltr'><strong>ad</strong></span> 
     </span>
     <span class='ocr_line' id='line_1_42' title="bbox 239 3130 1968 3182; baseline 0.001 -10"><span class='ocrx_word' id='word_1_412' title='bbox 239 3145 338 3172; x_wconf 90' lang='lat' dir='ltr'><strong>eum</strong></span> <span class='ocrx_word' id='word_1_413' title='bbox 355 3130 584 3174; x_wconf 84' lang='lat' dir='ltr'><strong>Martialis</strong></span> <span class='ocrx_word' id='word_1_414' title='bbox 600 3135 637 3182; x_wconf 91' lang='lat'><strong>7,</strong></span> <span class='ocrx_word' id='word_1_415' title='bbox 652 3134 724 3175; x_wconf 91' lang='lat'><strong>28.</strong></span> <span class='ocrx_word' id='word_1_416' title='bbox 754 3131 846 3175; x_wconf 92' lang='lat' dir='ltr'><strong>Aut</strong></span> <span class='ocrx_word' id='word_1_417' title='bbox 866 3132 922 3174; x_wconf 83' lang='lat' dir='ltr'><strong>ad</strong></span> <span class='ocrx_word' id='word_1_418' title='bbox 947 3132 1132 3174; x_wconf 92' lang='lat' dir='ltr'><strong>eundem</strong></span> <span class='ocrx_word' id='word_1_419' title='bbox 1153 3139 1228 3174; x_wconf 92' lang='lat' dir='ltr'><strong>aut</strong></span> <span class='ocrx_word' id='word_1_420' title='bbox 1248 3132 1380 3175; x_wconf 89' lang='lat' dir='ltr'><strong>alium</strong></span> <span class='ocrx_word' id='word_1_421' title='bbox 1395 3134 1584 3175; x_wconf 90' lang='lat' dir='ltr'><strong>Fuscum</strong></span> <span class='ocrx_word' id='word_1_422' title='bbox 1604 3132 1832 3175; x_wconf 74' lang='lat' dir='ltr'><strong>Martialis</strong></span> <span class='ocrx_word' id='word_1_423' title='bbox 1847 3135 1885 3181; x_wconf 89' lang='lat'><strong>1,</strong></span> <span class='ocrx_word' id='word_1_424' title='bbox 1902 3134 1968 3174; x_wconf 88' lang='lat'><strong>54.</strong></span> 
     </span>
     <span class='ocr_line' id='line_1_43' title="bbox 153 3199 1968 3257; baseline 0 -15"><span class='ocrx_word' id='word_1_425' title='bbox 153 3199 234 3242; x_wconf 88' lang='lat'><strong>421</strong></span> <span class='ocrx_word' id='word_1_426' title='bbox 267 3199 434 3242; x_wconf 88' lang='lat' dir='ltr'><strong>Fuscus</strong></span> <span class='ocrx_word' id='word_1_427' title='bbox 465 3199 616 3254; x_wconf 86' lang='lat' dir='ltr'><strong>(iudex</strong></span> <span class='ocrx_word' id='word_1_428' title='bbox 644 3207 690 3242; x_wconf 92' lang='lat' dir='ltr'><strong>ut</strong></span> <span class='ocrx_word' id='word_1_429' title='bbox 720 3201 894 3243; x_wconf 85' lang='lat' dir='ltr'><strong>videtur</strong></span> <span class='ocrx_word' id='word_1_430' title='bbox 920 3201 990 3243; x_wconf 85' lang='lat' dir='ltr'><strong>vel</strong></span> <span class='ocrx_word' id='word_1_431' title='bbox 1022 3202 1261 3257; x_wconf 88' lang='lat' dir='ltr'><strong>patronus),</strong></span> <span class='ocrx_word' id='word_1_432' title='bbox 1293 3209 1557 3244; x_wconf 84' lang='lat' dir='ltr'><strong>memoratur</strong></span> <span class='ocrx_word' id='word_1_433' title='bbox 1586 3200 1778 3244; x_wconf 80' lang='lat' dir='ltr'><strong>Juvenal.</strong></span> <span class='ocrx_word' id='word_1_434' title='bbox 1810 3203 1875 3249; x_wconf 90' lang='grc'><strong>16,</strong></span> <span class='ocrx_word' id='word_1_435' title='bbox 1902 3202 1968 3242; x_wconf 90' lang='grc'><strong>46.</strong></span> 
     </span>
     <span class='ocr_line' id='line_1_44' title="bbox 153 3267 1825 3326; baseline -0.001 -16"><span class='ocrx_word' id='word_1_436' title='bbox 153 3268 238 3310; x_wconf 89' lang='grc'><strong>422</strong></span> <span class='ocrx_word' id='word_1_437' title='bbox 268 3267 460 3309; x_wconf 89' lang='lat' dir='ltr'><strong>Fuscus:</strong></span> <span class='ocrx_word' id='word_1_438' title='bbox 492 3269 654 3310; x_wconf 85' lang='lat' dir='ltr'><strong>coniux</strong></span> <span class='ocrx_word' id='word_1_439' title='bbox 684 3269 778 3311; x_wconf 88' lang='lat' dir='ltr'><strong>eius</strong></span> <span class='ocrx_word' id='word_1_440' title='bbox 807 3276 986 3326; x_wconf 87' lang='lat' dir='ltr'><strong>propter</strong></span> <span class='ocrx_word' id='word_1_441' title='bbox 1018 3270 1132 3312; x_wconf 86' lang='lat' dir='ltr'><strong>sitim</strong></span> <span class='ocrx_word' id='word_1_442' title='bbox 1162 3277 1427 3313; x_wconf 90' lang='lat' dir='ltr'><strong>memoratur</strong></span> <span class='ocrx_word' id='word_1_443' title='bbox 1453 3269 1645 3313; x_wconf 77' lang='lat' dir='ltr'><strong>Juvenal.</strong></span> <span class='ocrx_word' id='word_1_444' title='bbox 1671 3272 1737 3318; x_wconf 87' lang='lat'><strong>14,</strong></span> <span class='ocrx_word' id='word_1_445' title='bbox 1758 3270 1825 3309; x_wconf 82' lang='grc'><strong>45.</strong></span> 
     </span>
     <span class='ocr_line' id='line_1_45' title="bbox 153 3335 1970 3393; baseline -0.001 -15"><span class='ocrx_word' id='word_1_446' title='bbox 153 3336 238 3378; x_wconf 89' lang='grc'><strong>423</strong></span> <span class='ocrx_word' id='word_1_447' title='bbox 268 3342 310 3379; x_wconf 91' lang='grc' dir='ltr'><strong>Ρ.</strong></span> <span class='ocrx_word' id='word_1_448' title='bbox 340 3367 495 3380; x_wconf 91' lang='grc'><em>......</em></span> <span class='ocrx_word' id='word_1_449' title='bbox 524 3342 711 3379; x_wconf 86' lang='lat' dir='ltr'><strong>FVSCVS</strong></span> <span class='ocrx_word' id='word_1_450' title='bbox 753 3338 1029 3393; x_wconf 72' lang='lat' dir='ltr'><strong>(yente‘licium</strong></span> <span class='ocrx_word' id='word_1_451' title='bbox 1042 3371 1052 3388; x_wconf 93' lang='lat'><strong><em>‚</em></strong></span> <span class='ocrx_word' id='word_1_452' title='bbox 1092 3338 1205 3392; x_wconf 80' lang='lat' dir='ltr'><strong>quod</strong></span> <span class='ocrx_word' id='word_1_453' title='bbox 1241 3339 1327 3392; x_wconf 82' lang='lat' dir='ltr'><strong>fuit</strong></span> <span class='ocrx_word' id='word_1_454' title='bbox 1373 3339 1613 3381; x_wconf 81' lang='lat' dir='ltr'><strong>litterarum</strong></span> <span class='ocrx_word' id='word_1_455' title='bbox 1660 3337 1829 3378; x_wconf 77' lang='lat' dir='ltr'><strong>circ-iter</strong></span> <span class='ocrx_word' id='word_1_456' title='bbox 1869 3335 1970 3377; x_wconf 85' lang='lat' dir='ltr'><strong>duo-</strong></span> 
     </span>
    </p>
   </div>
   <div class='ocr_carea' id='block_1_6' title="bbox 241 3403 2038 3462">
    <p class='ocr_par' dir='ltr' id='par_1_8' title="bbox 241 3403 2038 3462">
     <span class='ocr_line' id='line_1_46' title="bbox 241 3403 2038 3462; baseline -0.001 -16"><span class='ocrx_word' id='word_1_457' title='bbox 241 3403 385 3454; x_wconf 82' lang='lat' dir='ltr'><strong>decim,</strong></span> <span class='ocrx_word' id='word_1_458' title='bbox 418 3404 592 3447; x_wconf 74' lang='lat' dir='ltr'><strong>extabat</strong></span> <span class='ocrx_word' id='word_1_459' title='bbox 622 3404 794 3456; x_wconf 81' lang='lat' dir='ltr'><strong><em>V6649,</em></strong></span> <span class='ocrx_word' id='word_1_460' title='bbox 825 3406 900 3449; x_wconf 87' lang='lat' dir='ltr'><strong>sed</strong></span> <span class='ocrx_word' id='word_1_461' title='bbox 919 3409 1097 3460; x_wconf 75' lang='lat' dir='ltr'><strong>praeter</strong></span> <span class='ocrx_word' id='word_1_462' title='bbox 1127 3406 1292 3449; x_wconf 81' lang='lat' dir='ltr'><strong>litteras</strong></span> <span class='ocrx_word' id='word_1_463' title='bbox 1320 3408 1543 3462; x_wconf 75' lang='lat' dir='ltr'><strong>septimam</strong></span> <span class='ocrx_word' id='word_1_464' title='bbox 1569 3409 1608 3447; x_wconf 85' lang='lat' dir='ltr'><strong>et</strong></span> <span class='ocrx_word' id='word_1_465' title='bbox 1628 3408 1831 3454; x_wconf 83' lang='lat' dir='ltr'><strong>octavam,</strong></span> <span class='ocrx_word' id='word_1_466' title='bbox 1864 3418 1970 3457; x_wconf 79' lang='lat' dir='ltr'><strong>quae</strong></span> <span class='ocrx_word' id='word_1_467' title='bbox 2035 3447 2038 3449; x_wconf 64' lang='lat'><em>,</em></span> 
     </span>
    </p>
   </div>
  </div>
 </body>
</html>
