2202 3724
241 281 459 316 HELVIVS
1104 273 1188 314 132
1826 277 2044 314 HELVIVS

333 411 481 466 firmat
508 410 596 452 Dio
628 413 692 459 73,
725 412 778 450 10
818 422 910 450 cum
947 408 1096 450 scribit
1132 407 1284 450 vixisse
1311 407 1578 450 Pertinacem
1613 421 1747 450 annos
1782 407 2049 462 septuaginta

329 482 494 533 septem,
533 481 728 531 quattuor
758 477 967 519 mensibus
1007 476 1151 518 diebus
1187 476 1322 518 tribus
1360 476 1522 527 minus,·
1559 477 1696 518 minus
1736 479 1932 518 accurate
1971 475 2050 517 alii

250 555 254 560 “
330 548 566 601 scripwreS,
598 547 652 599 cf.
686 545 907 587 Tillcmont
936 544 1097 588 Pcrtin.
1119 547 1204 586 not.
1226 547 1276 595 3,·
1303 545 1347 586 in
1377 545 1466 586 vita
1486 544 1647 587 Pertin.
1672 546 1736 595 15,
1759 548 1785 587 6
1813 557 1893 588 scr.
1924 543 2048 586 annis

331 615 480 657 LXVI
502 628 586 668 pro
607 614 723 668 LX).
775 612 942 655 Humili
974 612 1067 654 loco
1095 618 1222 654 natus
1243 612 1332 655 Dio
1355 616 1417 664 71,
1439 617 1512 656 22.
1547 616 1610 664 73,
1633 616 1683 664 3,·
1713 613 1808 667 epit.
1830 615 1895 663 18,
1926 617 2049 668 patre

332 683 486 726 Helvio
521 684 730 726 Successo
761 682 832 726 vit.
865 682 963 732 1,“1,
996 681 1198 723 libertino
1229 681 1299 723 vit.
1333 681 1358 723 l.
1386 695 1433 732 c„
1465 682 1562 736 epit.
1586 682 1611 724 l.
1634 695 1681 732 0.,
1713 680 1900 723 Lolliani
1929 679 2049 723 Aviti

331 751 484 793 cliente
520 751 590 796 vit.
621 754 660 801 1,
691 754 729 802 5,
771 751 845 806 qui
886 749 1110 792 tabernam
1150 748 1455 791 coactiliariam
1495 750 1539 791 in
1577 750 1759 804 Liguria
1798 754 2052 791 exercuerat

330 821 400 864 cit.
430 822 468 870 3,
500 822 528 861 3
537 832 550 871 ,·
593 834 749 861 nomen
781 818 1020 861 Pertinacis
1061 818 1100 859 ei
1142 818 1390 873 impositum
1419 832 1445 859 a
1474 823 1604 874 patre*
1630 825 1702 859 ‘ex
1731 818 2050 859 continuatione

330 888 538 942 lignariae
559 887 874 942 negotiationis,
907 886 1023 943 quod
1044 886 1323 942 pertinaciter
1347 900 1442 927 eam
1464 900 1555 927 rem
1575 892 1758 940 gereret'
1775 885 1832 940 (P)
1858 885 1929 929 vit.
1951 888 1989 935 1,
2011 888 2050 927 1.

332 957 649 1001 Grammaticae
689 955 857 998 studuit
897 954 976 997 sub
1017 954 1208 1010 Sulpicio
1236 953 1478 1010 Apollinari
1507 955 1578 996 vit.
1609 957 1647 1004 1,
1678 958 1723 1005 4,
1764 953 1919 996 deinde
1959 954 2052 1009 ipse

331 1025 641 1081 grammaticen
662 1023 881 1080 professus
905 1029 969 1065 est
994 1023 1091 1074 vit.;
1116 1023 1212 1076 cpit.
1235 1025 1289 1064 18
1298 1035 1311 1074 ,·
1331 1022 1418 1064 Dio
1441 1026 1504 1073 73,
1524 1026 1563 1066 3.
1615 1022 1727 1065 Cum
1757 1023 1801 1064 in
1831 1037 1883 1064 ea
1910 1022 2052 1064 minus

332 1100 534 1150 quaestus
562 1093 811 1150 proficeret,
844 1092 1190 1134 centurionatum
1219 1091 1467 1147 impetravit
1493 1106 1570 1147 per
1599 1090 1846 1133 Lollianum
1872 1090 2053 1133 Avitum

332 1163 402 1204 iit.
433 1165 471 1212 1,
502 1164 541 1204 5.
595 1160 847 1203 Praefectus
879 1160 1066 1202 cohortis
1096 1160 1141 1201 in
1173 1159 1311 1215 Syria,
1345 1165 1444 1201 ante
1474 1174 1636 1201 annum
1668 1160 1745 1202 161
1779 1160 1849 1203 vit.
1878 1162 1917 1210 1,
1948 1162 1996 1209 6,·
2027 1174 2053 1201 a

331 1229 530 1286 praeside
552 1229 715 1285 Syriae,
739 1228 855 1285 quod
876 1229 969 1270 sine
990 1227 1295 1284 diplomatibus
1317 1243 1491 1270 cursum
1513 1227 1736 1283 publicum
1756 1233 2053 1283 usurpaverat,

333 1298 515 1356 pedibus
546 1298 601 1340 ab
628 1297 859 1340 Antiochia
889 1296 945 1339 ad
974 1296 1235 1352 legationem
1266 1296 1363 1350 (scr.
1385 1295 1615 1350 legionem)
1647 1311 1768 1339 suam
1800 1297 1880 1339 iter
1911 1296 2054 1337 facere

332 1373 504 1410 coactus
535 1373 599 1408 est
630 1367 683 1410 ib.
734 1365 856 1407 Bello
888 1365 1090 1408 Parthico
1122 1365 1264 1418 (Veri)
1296 1364 1406 1406 bene
1431 1365 1608 1406 meritus
1637 1365 1708 1409 vit.
1738 1368 1782 1415 2,
1805 1368 1853 1415 1;
1883 1365 1927 1405 in
1959 1364 2052 1405 Bri-

333 1437 524 1479 tanniam
545 1434 775 1477 translatus
796 1449 845 1477 ac
870 1439 1092 1476 ‘retentus'
1109 1432 1167 1487 (52)
1189 1433 1244 1476 ib.
1268 1433 1373 1487 (sine
1394 1433 1520 1475 dubio
1543 1433 1680 1475 altera
1699 1433 1857 1475 militia
1878 1432 2056 1486 equestri

332 1506 522 1559 fungens,
555 1504 775 1559 tribunatu
804 1506 851 1546 ut
873 1505 979 1557 puto
1011 1502 1266 1557 leyionario,
1305 1501 1353 1543 de
1383 1516 1461 1555 quo
1493 1503 1547 1555 cf.
1578 1503 1726 1544 statim
1736 1515 1748 1553 ;
1779 1502 2055 1556 praefectura

333 1573 515 1616 cohortis
541 1572 684 1626 prima
713 1571 869 1614 militia
906 1571 1105 1624 equestris
1135 1570 1375 1612 Pertinacis
1415 1570 1545 1623 fuisse
1583 1569 1776 1618 videtur).
1835 1569 2055 1612 Tribunus

333 1641 517 1683 militum
557 1639 894 1695 angusticlavius
932 1639 976 1680 in
1020 1638 1189 1694 legione
1232 1637 1379 1694 aliqua
1423 1653 1553 1695 opera
1592 1638 1762 1681 Claudii
1802 1638 2054 1694 Pompeiani

335 1711 473 1752 factus
514 1708 602 1751 Dio
633 1712 697 1759 73,
732 1711 771 1752 3.
840 1707 1091 1750 Praefectus
1131 1706 1225 1748 alae
1273 1707 1317 1748 in
1362 1706 1527 1749 Moesia
1565 1707 1637 1751 vit.
1667 1710 1710 1757 2,
1741 1710 1784 1751 2.
1852 1705 2056 1748 Fortasse

334 1779 413 1820 huc
445 1778 630 1832 pertinet
670 1777 817 1819 titulus
853 1779 1041 1831 repertus
1072 1776 1225 1819 Sirmii
1261 1789 1346 1818 non
1385 1775 1503 1830 lonye
1543 1790 1570 1818 a
1609 1776 1803 1830 confiniis
1844 1775 2058 1817 Moesiae:

335 1848 369 1889 Ι.
409 1862 446 1891 0.
486 1860 544 1888 m.
595 1852 638 1888 et
673 1845 803 1888 Marti
850 1845 1018 1887 custodi
1059 1846 1108 1887 P.
1150 1843 1335 1886 Helvius
1376 1844 1584 1886 Pertinax
1630 1843 1766 1901 praef.
1806 1843 1894 1886 III
1926 1846 2054 1887 3232.

336 1916 598 1958 Procurator
639 1913 937 1956 alimentorum
976 1928 1054 1970 per
1087 1914 1203 1955 viam
1240 1912 1468 1955 Aemiliam
1504 1914 1574 1955 vit.
1610 1917 1653 1964 2,
1689 1917 1733 1956 2.
1809 1912 2059 1954 Praefectus

335 1983 483 2026 classis
515 1983 799 2027 Germanicae
829 1983 884 2026 ib.
953 1983 1006 2025 In
1037 1982 1274 2026 Germania
1305 1988 1485 2024 matrem
1516 1982 1659 2023 amisit
1687 1982 1757 2023 vit.
1785 1985 1828 2031 2,
1857 1984 1896 2022 3.
1956 1980 2060 2022 Pro-

338 2058 512 2095 curator
549 2052 594 2093 in
624 2051 765 2093 Dacia
803 2050 858 2093 ad
898 2051 1095 2093 sestertia
1125 2050 1312 2092 ducenta
1340 2051 1412 2092 vit.
1443 2054 1487 2101 2,
1515 2054 1554 2093 4.
1614 2049 1762 2092 Marco
1802 2050 2061 2105 imperatore

338 2120 626 2177 ‘quorundam
656 2119 836 2161 artibus'
871 2125 1118 2175 suspectus,
1154 2121 1372 2161 ‘remotus'
1408 2125 1495 2174 est3
1536 2118 1611 2160 sed
1642 2124 1791 2175 postea
1820 2132 1898 2174 per
1935 2116 2060 2160 Clau-

337 2189 455 2231 dium
504 2188 834 2243 Pompeianum,
885 2201 1093 2242 generum
1142 2187 1302 2242 Marci,
1354 2188 1476 2243 quasi
1527 2186 1699 2229 adiutor
1749 2187 1840 2229 eius
1891 2185 2062 2229 futurus

335 2256 510 2299 vexillis
551 2255 752 2311 regendis
797 2255 986 2298 adscitus
1027 2262 1092 2297 est
1132 2256 1203 2299 vit.
1237 2255 1262 2299 1.
1295 2270 1328 2298 c,
1370 2253 1549 2307 (videtur
1588 2256 1721 2310 iyitur
1763 2255 1839 2297 sub
1875 2253 2062 2297 Claudio

336 2325 595 2379 Pompeiano
626 2325 781 2379 Zeyato,
811 2338 911 2366 nam
953 2325 988 2366 is
1028 2325 1114 2366 iam
1155 2338 1265 2366 anno
1295 2327 1379 2366 167
1408 2324 1569 2379 Zeyatus
1607 2325 1693 2378 fuit
1718 2323 1969 2366 Pannoniae
1998 2322 2062 2365 in-

338 2393 532 2448 ferioris,
573 2392 916 2435 vexillationibus
954 2393 1093 2435 nescio
1132 2393 1282 2447 quibus
1309 2392 1593 2447 praefuissc);
1629 2394 1671 2434 in
1705 2407 1751 2434 eo
1783 2406 1960 2434 munere
1990 2391 2063 2433 ad-

339 2462 545 2518 probatus
591 2460 782 2504 adlectus
825 2467 889 2503 est
932 2462 977 2502 in
1021 2468 1218 2503 senatum
1258 2461 1328 2504 vit.
1359 2465 1403 2512 2,
1434 2464 1472 2504 5.
1531 2461 1618 2504 Res
1661 2476 1688 2503 a
1727 2461 1985 2515 Pompeiano
2025 2462 2065 2502 et

339 2530 564 2572 Pertinace
612 2530 659 2571 in
710 2530 814 2572 bello
857 2529 1179 2571 Ilffarcomanico
1217 2532 1357 2584 yestas
1400 2532 1604 2572 memorat
1641 2530 1768 2571 etiam
1805 2528 1894 2571 Dio
1935 2531 2007 2578 71,
2037 2531 2065 2570 3

339 2598 661 2653 (Pompeianum
692 2601 730 2640 et
760 2598 1027 2640 Pertinacem
1057 2601 1154 2640 tunc
1189 2598 1347 2652 lcyatos
1378 2598 1584 2652 lcyionum
1623 2598 1754 2651 fuisse
1784 2611 1835 2639 ex
1863 2596 2064 2639 vocabulo

341 2668 656 2723 ὑποστρατήγων,
704 2680 782 2719 quo
823 2679 925 2708 sanc
964 2667 1029 2708 uti
1064 2666 1166 2708 solet
1202 2666 1290 2708 Dio
1330 2666 1379 2708 de
1418 2666 1567 2720 legatis
1606 2666 1832 2720 leyionum,
1875 2665 2066 2719 colliyere

341 2734 500 2788 nolim).
576 2735 732 2776 Postea
782 2736 938 2776 iterum
988 2750 1033 2776 re
1072 2734 1182 2776 bene
1222 2740 1363 2788 gesta,
1408 2733 1580 2790 prodita
1618 2733 1805 2776 factione
1851 2748 1960 2789 quae
2003 2731 2064 2775 illi

345 2802 602 2855 concinnata
634 2809 738 2854 crat,
775 2819 801 2844 a
831 2804 978 2845 Marco
1016 2804 1285 2858 imperatore,
1318 2803 1502 2844 iniuriae
1541 2801 1883 2858 compensandac
1922 2816 2064 2855 causa,

342 2872 453 2912 inter
480 2871 715 2925 praetorios
746 2870 881 2912 lectus
911 2877 953 2913 ct
983 2871 1139 2924 legioni
1172 2871 1336 2926 primae
1367 2871 1636 2926 praepositus
1667 2871 1737 2914 vit.
1759 2874 1801 2920 2,
1825 2874 1875 2921 6;
1906 2870 2065 2912 statim-

342 2953 427 2994 que
458 2939 630 2980 Raetias
664 2945 706 2981 et
735 2939 939 2981 Noricum
972 2939 1026 2981 ab
1058 2938 1252 2981 hostibus
1284 2938 1525 2980 vindicavit
1551 2939 1607 2982 ib.
1665 2939 1715 2980 In
1746 2937 1920 2992 re‘gione
1951 2938 2066 2991 Qua-

344 3007 498 3049 dorum
518 3021 616 3048 cum
638 3007 829 3049 exercitu
849 3021 986 3063 paene
1008 3008 1077 3048 siti
1094 3021 1325 3062 oppressus
1347 3012 1422 3061 est,
1445 3006 1518 3048 sed
1540 3005 1862 3062 precationibus
1874 3005 2067 3048 <militum

346 3074 690 3118 Christianorum
703 3075 760 3128 (Ρ)
802 3082 997 3117 servatus
1029 3075 1239 3117 Eusebius
1278 3074 1419 3118 chron.
1461 3075 1580 3129 (vers.
1612 3074 1734 3118 Arm.
1776 3074 1834 3116 ad
1869 3089 1908 3117 a,
1939 3076 2066 3125 2188,

345 3143 631 3197 Hieronymus
661 3143 719 3184 ad
748 3158 786 3187 a.
815 3147 926 3186 2189
959 3163 1013 3178 =
1035 3158 1081 3197 p.
1113 3143 1218 3186 Chr.
1241 3145 1334 3193 175,
1368 3142 1508 3185 chron.
1545 3139 1768 3196 Pasch.’p.
1789 3145 1883 3193 486,
1910 3141 1979 3196 19)
2011 3143 2066 3196 cf.

346 3211 433 3253 Dio
456 3214 520 3260 71,
542 3213 569 3252 8
598 3211 671 3264 qui
701 3211 872 3253 candem
893 3226 978 3253 rem.
1002 3211 1149 3265 tanyit,
1181 3211 1256 3253 sed
1274 3211 1363 3253 sine
1383 3211 1589 3253 mentione
1609 3211 1861 3253 Pertinacis.
1907 3209 2068 3253 Consul

347 3278 597 3333 designatus
638 3278 778 3320 studio
809 3278 945 3321 Marci
988 3280 1257 3335 imperatoris
1297 3279 1452 3333 (oratio
1484 3279 1621 3320 Marci
1660 3278 1808 3321 laudes
1849 3278 1940 3320 eius
1970 3292 2067 3320 con-

349 3347 488 3389 tinens
519 3347 635 3403 apud
665 3347 851 3389 Marium
881 3347 1139 3402 Maximum)
1173 3348 1240 3390 vit.
1271 3352 1315 3398 2,
1350 3350 1397 3398 7,·
1439 3346 1494 3390 ob
1524 3348 1706 3391 virtutes
1741 3346 1891 3390 consul
1928 3346 2068 3390 factus
