2202 3724
281 272 448 308 IVNIVS
1141 263 1226 306 234
1337 251 1340 254 ⁴
1909 266 2077 304 1vN1vs

374 402 665 454 eonieeerunt).
681 424 738 428 —
754 399 958 440 Fortasse
976 412 1061 440 non
1083 398 1268 439 diversus
1288 397 1340 450 Q.
1359 396 1452 438 Aru
1465 429 1474 439 .
1488 429 1497 439 .
1511 429 1520 438 .
1543 396 1691 438 consul
1713 397 1807 442 suff.
1830 412 1884 438 ex
1905 397 1949 439 k.
1966 397 2083 453 Sept.

367 484 404 510 a.
436 469 490 510 92
531 482 628 509 cum
668 466 715 508 C.
747 466 855 508 Iulio
888 465 1033 508 Silano
1064 466 1171 518 fasti
1199 465 1407 508 Ostienses
1436 464 1560 506 XIV
1579 467 1676 508 245.
1730 465 1944 507 Incertum
1982 479 2081 507 num

368 551 417 577 ea:
445 536 575 577 servis
605 535 693 576 eius
715 533 914 576 Caesaris
941 534 1095 587 aliquis
1116 546 1257 575 servus
1279 534 1554 575 Rusticianus
1576 532 1642 575 VI
1654 535 1797 576 25997
1814 553 1869 567 =
1889 533 2082 575 Fabrett.

363 606 457 652 308,
488 606 579 644 314.
640 603 748 644 Item
787 603 1012 651 incertum,
1051 615 1150 643 num
1190 615 1241 643 ese
1272 602 1458 655 postcris
1496 601 1585 642 eius
1621 601 1668 653 Q.
1696 601 1847 642 Iunius
1881 601 2083 643 Rusticus

367 671 502 725 (infra
530 684 570 711 n.
592 669 701 723 535).
749 669 959 718 Fietieius
988 671 1047 711 est
1077 672 1104 713 t.
1128 668 1204 721 (ad
1220 668 1328 710 hune
1350 682 1377 710 a
1396 667 1610 710 nonnullis
1628 668 1804 721 relatus)
1834 668 1959 711 Orell.
1977 671 2082 711 1190

366 739 415 781 L.
448 738 560 779 Iunii
591 737 756 779 Rustici
786 735 1028 793 philosophi
1060 737 1181 779 stoici
1209 737 1263 790 ef.
1293 735 1440 797 QVI
1458 739 1496 786 5,
1517 739 1629 780 2135
1639 736 1675 779 *.

283 807 364 848 472
395 811 563 847 IVNIVS
597 811 785 859 AVITVS,
818 804 1092 862 adulescens,
1124 803 1346 846 familiaris
1379 804 1528 858 Plinii,
1568 806 1612 846 in
1644 805 1764 846 cuius
1793 804 1919 846 domo
1948 804 2083 847 latum

366 873 537 915 clavum
557 879 796 928 sumpserat
817 879 859 914 et
879 888 904 914 a
923 887 1009 928 quo
1032 874 1074 914 in
1097 872 1331 915 honoribus
1361 872 1556 929 petendis
1592 872 1734 915 fuerat
1761 873 1933 915 adiutus
1963 873 2081 917 Plin.

368 956 428 995 ep.
450 943 489 991 8,
507 943 577 985 23.
610 940 718 994 (Aut
739 940 791 982 ad
816 940 929 982 hunc
950 940 1004 982 ad
1026 947 1102 982 aut
1121 940 1280 983 Iulium
1296 940 1474 982 Avitum
1498 941 1669 996 scripsit
1689 940 1856 982 Plinius
1877 955 1939 995 ep.
1960 944 2002 991 2,
2025 942 2082 993 6).

366 1008 543 1051 Amicus
574 1009 770 1050 Dasumii
803 1009 876 1064 qui
918 1009 1009 1050 eius
1046 1009 1242 1050 meminit
1282 1009 1325 1050 in
1357 1015 1609 1050 testamento
1641 1009 1800 1064 scripto
1831 1023 1869 1051 a.
1904 1009 1983 1050 108
2014 1007 2083 1050 VI

367 1080 510 1120 10229
538 1091 574 1118 v.
606 1080 677 1119 20.
747 1076 971 1119 Tribunus
1016 1076 1201 1119 militum
1246 1077 1290 1118 in
1332 1077 1566 1120 Germania
1606 1076 1687 1118 sub
1726 1076 1777 1119 L.
1820 1075 1930 1118 Iulio
1970 1076 2083 1119 Urso

368 1145 575 1187 Serviano
608 1160 705 1186 cum
732 1159 817 1201 quo
849 1160 903 1186 ex
926 1145 1161 1188 Germania
1183 1145 1225 1186 in
1246 1145 1515 1187 Pannoniam
1537 1145 1707 1187 transiit
1728 1144 1847 1187 Plin.
1869 1159 1930 1198 ep.
1950 1147 1991 1195 8,
2012 1147 2083 1188 23.

368 1212 581 1265 Quaestor
608 1212 896 1268 complurium
930 1212 1155 1255 consulum
1177 1212 1293 1255 Plin.
1323 1213 1380 1256 ib.
1427 1213 1626 1255 Decessit
1655 1212 1806 1270 aedilis
1836 1212 2084 1267 designatus

370 1280 672 1336 superstitibus
700 1287 835 1323 matre
866 1296 1001 1323 uxore
1029 1280 1117 1322 filia
1145 1280 1262 1324 Plin.
1294 1281 1350 1323 ib.

282 1349 364 1391 473
395 1355 439 1390 L.
471 1355 639 1390 IVNIVS
679 1355 929 1391 AVRELIVS
969 1355 1219 1391 NERATIVS
1252 1355 1444 1390 GALLVS
1485 1355 1698 1391 FVLVIVS
1730 1355 1925 1403 MAGER,
1956 1349 2008 1391 L.
2040 1348 2083 1399 f.‚

365 1417 484 1459 tribu
506 1416 615 1470 Gal„
649 1417 910 1459 clarissimus
942 1419 1120 1470 iuvenis,
1156 1417 1352 1459 tribunus
1374 1416 1557 1459 militum
1584 1417 1765 1472 legionis
1787 1418 1854 1459 XI
1875 1416 2084 1459 Claudiae

366 1486 470 1527 Piae
500 1484 638 1527 fidelis
671 1489 697 1527 t.
729 1486 919 1527 urbanus
950 1485 1017 1528 VI
1038 1488 1158 1528 1433.·
1222 1485 1362 1527 Mater
1391 1484 1547 1527 Fulvia
1577 1487 1727 1528 Prisca
1754 1486 1811 1529 ib.

281 1553 364 1595 474
394 1559 562 1594 IVNIVS
604 1559 794 1595 BALBVS
836 1553 1092 1608 consularis,
1139 1554 1317 1595 maritus
1362 1553 1554 1595 Maeciae
1599 1554 1831 1596 Faustinae
1874 1552 2083 1597 Gordiani

367 1621 478 1662 senis
508 1620 620 1662 filiae
649 1635 685 1663 v.
717 1620 924 1663 Gordian.
946 1625 984 1672 4,
1007 1626 1050 1665 2.

281 1689 364 1731 475
395 1688 443 1731 C.
475 1689 626 1731 Iunius
655 1688 832 1744 Balbus,
865 1689 1189 1746 subpraefectus
1220 1689 1401 1744 vigilum
1430 1705 1468 1732 a.
1492 1690 1574 1731 203
1606 1688 1675 1731 VI
1695 1692 1796 1733 220.

283 1757 366 1799 476
397 1757 547 1798 Iunius
577 1756 738 1799 Bassus
768 1756 894 1799 homo
925 1757 1074 1812 dicax,
1112 1759 1257 1800 asinus
1288 1757 1412 1800 albus
1443 1763 1622 1799 vocatus
1653 1772 1786 1813 puero
1817 1756 2084 1810 Quintiliano

364 1824 504 1877 Quint.
526 1825 623 1868 inst.
645 1827 683 1875 6,
705 1828 744 1875 3,
766 1828 837 1868 27.
857 1828 922 1868 57.
947 1829 1011 1867 74.

281 1893 363 1935 477
395 1899 562 1934 IVNIVS
593 1899 815 1935 BLAESVS
846 1893 979 1936 frater
1000 1893 1050 1947 Ω.
1073 1894 1187 1936 Iunii
1208 1893 1349 1936 Blaesi
1377 1893 1514 1948 (infra
1542 1908 1584 1936 n.
1606 1893 1722 1949 480),
1755 1899 1798 1935 et
1821 1894 1914 1950 ipse
1934 1891 2086 1934 consul

368 1961 571 2002 suffectus
603 1960 763 2016 (paullo
797 1969 892 2017 post
921 1977 958 2003 a.
990 1961 1106 2017 28?),
1138 1963 1268 2018 periit
1297 1976 1384 2004 una
1415 1976 1511 2004 cum
1542 1976 1591 2003 eo
1623 1977 1661 2004 a.
1683 1963 1738 2004 36
1774 1962 1872 2004 Tae.
1895 1975 1935 2003 a.
1957 1964 1995 2012 6,
2016 1964 2084 2003 40.

365 2028 432 2082 Cf.
461 2029 536 2070 sub
573 2029 723 2083 fratre.

283 2097 365 2139 478
396 2103 563 2138 IVNIVS
594 2103 814 2139 BLAESVS
849 2111 976 2151 nepos
1004 2101 1051 2140 ut
1079 2098 1242 2140 videtur
1273 2099 1361 2140 eius
1385 2099 1458 2152 qui
1485 2099 1682 2152 sequitur,
1705 2097 1820 2153 filius
1841 2097 2017 2140 alterius
2036 2112 2086 2140 ex

371 2165 459 2206 eius
489 2164 603 2219 filiis.
654 2165 841 2208 ‘Genere
867 2165 1036 2221 illustri,
1068 2166 1213 2221 largus
1239 2168 1381 2209 animo
1405 2173 1447 2209 et
1466 2182 1545 2223 par
1566 2167 1735 2223 opibus'
1765 2167 1862 2210 Tae.
1883 2166 1923 2209 h.
1944 2170 1988 2218 2,
2007 2169 2086 2217 59,-

366 2233 476 2274 inter
506 2233 688 2274 maiores
720 2233 977 2276 numerabat
996 2236 1121 2277 etiam
1145 2234 1356 2277 Antonios
1377 2235 1434 2277 ib.
1455 2238 1493 2285 3,
1515 2237 1582 2277 38.
1628 2235 1818 2288 Legatus
1837 2235 2086 2291 provinciae

367 2300 671 2355 Lugdunensis
702 2317 739 2343 a.
762 2303 817 2344 69
841 2301 1005 2344 Vitellii
1037 2302 1234 2359 partibus
1265 2303 1432 2345 accedit
1459 2304 1517 2345 ib.
1538 2307 1576 2354 1,
1598 2306 1676 2354 59;
1705 2303 1846 2359 ipsum
1862 2302 2084 2346 Vitellium

368 2369 546 2410 comiter
557 2370 718 2425 excipit
728 2370 835 2420 2¹52,
845 2372 910 2413 59.
929 2370 1094 2412 Eodem
1105 2386 1216 2413 anno
1227 2372 1388 2413 Romae
1400 2385 1566 2413 veneno
1578 2377 1823 2427 peremptus
1834 2371 2084 2423 ib.3‚38.39.

282 2436 365 2477 479
396 2443 439 2486 Q.
471 2443 637 2479 IVNIVS
670 2444 904 2480 BLAESVS.
978 2439 1151 2481 Tessera
1179 2439 1381 2494 plumbea
1419 2454 1505 2494 rep.
1536 2440 1583 2481 in
1620 2443 1756 2482 monte
1795 2439 1934 2494 Eryce
1973 2439 2087 2482 eolita

369 2518 396 2545 a
419 2503 653 2547 Garrueeio
677 2505 775 2548 bull.
798 2506 911 2548 areli.
931 2507 1184 2561 napoletano
1203 2522 1295 2550 nov.
1315 2521 1396 2550 ser.
1417 2512 1442 2550 1
1464 2507 1602 2564 (1853)
1623 2522 1672 2562 p.
1693 2510 1752 2550 87
1778 2508 1834 2563 (si
1859 2507 1984 2550 huius
2012 2509 2084 2558 est,

367 2586 451 2614 non
489 2572 603 2626 filu).
669 2573 720 2626 Q.
758 2574 907 2616 Iunius
947 2574 1127 2617 Blaesus
1167 2579 1343 2626 tessera,
1390 2577 1540 2618 Iunius
1580 2575 1758 2618 Blaesus
1801 2575 1866 2618 vel
1906 2574 2085 2618 Blaesus

370 2640 618 2694 seri'ptores;
663 2642 709 2683 in
753 2642 972 2684 consulatu
1011 2643 1064 2696 Q.
1106 2644 1255 2686 Iunius
1297 2643 1476 2686 Blaesus
1515 2644 1621 2697 fasti
1661 2643 1788 2694 Ant„
1842 2643 1895 2697 Q.
1934 2644 2086 2698 Iunius

370 2707 437 2749 VI
457 2711 577 2758 4418,
609 2708 661 2761 Ω.
693 2710 787 2751 Iun.
823 2714 978 2753 tessera
1004 2711 1270 2765 yladiatori‘a
1300 2711 1401 2754 CIL
1425 2713 1459 2754 I
1472 2727 1519 2767 10·
1542 2715 1661 2756 2012
1682 2732 1736 2747 -—-
1755 2712 1804 2755 X
1819 2714 1943 2763 8070,
1968 2716 1996 2755 4
2024 2712 2087 2768 (in

368 2775 493 2829 fastis
519 2775 771 2829 Capitolinis
798 2792 946 2820 nomen
966 2780 1132 2836 periit).
1393 2799 1397 2803 ·

454 2843 709 2886 Avunculus
741 2846 886 2888 Seiani
923 2847 1020 2889 Tae.
1044 2862 1082 2891 a.
1103 2851 1142 2898 3,
1163 2850 1228 2891 35.
1250 2851 1318 2891 72.
1347 2851 1386 2898 4,
1408 2851 1466 2891 26
1496 2848 1550 2901 ef.
1583 2847 1761 2891 Velleius
1779 2852 1821 2903 2,
1844 2852 1942 2893 127.
1979 2849 2084 2891 Pro-

371 2911 519 2953 consul
542 2908 713 2955 Siciliae
741 2916 896 2956 tessera
913 2915 1127 2969 plumbea.
1176 2915 1337 2959 Consul
1359 2916 1562 2958 suffectus
1583 2930 1638 2957 ex
1664 2916 1707 2960 k.
1730 2916 1811 2960 Iul.
1833 2932 1870 2962 a.
1891 2932 1933 2974 p.
1959 2916 2009 2962 O.
2035 2919 2086 2960 10

369 2994 468 3021 cum
500 2979 591 3022 Ser.
624 2980 823 3023 Cornelio
860 2983 1044 3025 Lentulo
1082 2983 1380 3038 Maluginense
1417 2984 1522 3038 fasti
1548 2983 1748 3027 Antiates
1778 2986 1832 3039 ef.
1858 2988 2085 3039 praeterea

370 3060 513 3101 supra.
559 3048 748 3102 Legatus
780 3064 855 3104 pro
883 3066 946 3106 pr.
970 3052 1219 3094 Pannoniae
1248 3067 1286 3094 a.
1311 3053 1363 3094 14
1390 3052 1486 3094 Tae.
1510 3066 1550 3094 a.
1572 3055 1610 3103 1,
1632 3055 1686 3094 16
1695 3066 1708 3104 ;
1736 3051 1824 3094 Dio
1843 3055 1909 3104 57,
1930 3057 1970 3096 4.
2017 3052 2084 3107 Cf.

427 3147 463 3157 ..
506 3114 717 3170 Bl[a]esus
757 3116 836 3171 leg.
875 3133 952 3174 pro
994 3134 1057 3175 pr.
1099 3122 1126 3163 t.
1158 3118 1429 3161 Dalmatieus
1458 3119 1546 3161 III
1568 3123 1679 3162 6407
1706 3121 1759 3162 ab
1800 3135 1883 3164 uno
1923 3124 2085 3163 tantum

372 3185 540 3225 auctore
575 3181 893 3242 (Alaeevieeeio)
932 3186 1184 3241 descriptus,
1225 3188 1299 3241 qui
1335 3188 1374 3230 si
1408 3187 1534 3230 huius
1572 3191 1653 3238 est,
1695 3188 1819 3231 sinml
1848 3189 1975 3231 etiam
2005 3202 2087 3242 per

372 3250 543 3304 aliquod
581 3254 740 3307 tempus
778 3253 1044 3297 Dalmatiam
1083 3256 1206 3298 rexit.
1276 3255 1538 3299 Seditionem
1578 3255 1762 3298 militum
1803 3257 1878 3298 vix
1917 3263 2087 3299 coercet

372 3318 510 3362 Vellei.
541 3322 583 3370 2,
614 3323 719 3372 125,·
755 3321 850 3366 Tae.
884 3337 923 3365 a.
961 3327 993 3373 1,
1016 3327 1081 3374 16,
1103 3325 1168 3373 18,
1192 3326 1258 3365 19.
1289 3326 1359 3366 21.
1389 3326 1464 3367 22.
1494 3326 1575 3375 23;
1604 3323 1693 3366 Dio
1723 3323 1749 3368 l.
1781 3338 1815 3368 e.
1871 3323 2000 3367 Anno
2030 3325 2081 3367 21
