2202 3724
266 306 500 343 MEMMIVS
1120 296 1205 338 364
1826 302 2064 339 MEMMIVS

266 439 345 480 341
381 444 419 481 c,
452 442 686 477 MEMMIVS
718 439 946 476 REGVLVS
979 432 1083 484 (tria
1111 432 1286 475 nomina
1315 435 1460 474 extant
1488 432 1567 474 IV
1579 435 1701 475 3046.
1733 431 1802 474 VI
1811 434 1905 475 397.
1934 435 2065 483 2002,

352 505 399 547 C.
421 504 612 559 Regulus
636 502 804 545 Notieie
828 504 935 543 1891
955 515 1003 555 p.
1025 500 1138 554 265).
1190 500 1353 544 Consul
1384 500 1474 544 ord.
1506 515 1543 544 a.
1566 501 1620 542 63
1651 515 1739 542 una
1770 514 1867 542 cum
1886 500 1937 542 L.
1957 501 2064 543 Ver-

350 574 465 627 ginio
497 571 611 614 Rufo
642 570 760 624 fasti.
820 569 965 611 Potest
1003 569 1134 622 fuisse
1173 568 1289 623 filius
1324 568 1374 610 P.
1409 569 1606 611 Memmii
1633 568 1791 623 Reyuli
1819 582 1899 612 eos.
1931 583 1969 611 a.
1999 572 2065 613 31.

349 642 410 684 Ei
440 640 651 682 dedicatos
683 639 814 692 fuisse
845 637 1021 679 coniecit
1049 636 1346 691 Dittenberqer
1376 637 1520 679 titulos
1549 637 1711 690 fractos
1739 635 1892 680 CIAtt.
1913 639 1951 687 3,
1975 639 2066 679 616.

349 712 441 751 617.
492 707 618 750 Hune
643 706 883 761 siynifteari
902 708 1062 760 putant
1090 719 1211 748 versu
1233 705 1461 747 Martialis
1480 709 1548 755 12,
1570 708 1636 755 36,
1658 707 1706 746 8.·
1735 705 1915 746 Pisones
1937 704 2063 747 Sene-

350 790 507 832 casque
538 775 848 830 Memmiosque
880 780 921 816 et
953 772 1128 829 Crispos
1158 773 1263 815 mihi
1295 773 1439 828 redde,
1479 773 1553 815 sed
1583 774 1769 829 priores3
1798 772 1937 816 nescio
1966 787 2067 816 nwm

349 848 469 887 reete.

264 913 345 956 342
376 920 417 954 P.
440 917 673 953 MEMMIVS
696 916 937 952 REGVLVS.
989 909 1140 952 Tituli:
1161 909 1442 953 Salonitanus
1462 909 1550 952 III
1562 912 1680 953 2028
1701 929 1755 944 z
1775 909 1866 952 III
1888 908 1934 952 S.
1958 911 2068 952 8753

349 980 459 1023 male
490 980 722 1033 descriptus
743 978 826 1033 (1),·
855 978 1124 1020 Atheniensis
1147 978 1262 1021 CIA.
1283 981 1322 1028 3,
1345 981 1426 1020 613
1455 998 1512 1012 =
1540 978 1651 1032 Eph.
1678 992 1739 1032 ep.
1760 981 1786 1020 1
1807 991 1855 1031 p.
1875 980 1960 1020 219
1981 976 2068 1032 (2);

352 1049 619 1103 Meyarensis
646 1047 714 1090 01
716 1047 793 1090 Gr.
816 1050 926 1089 1076
955 1067 1009 1081 -—-
1039 1047 1176 1090 Inser.
1206 1046 1284 1089 Gr.
1315 1049 1418 1100 sept.
1441 1046 1476 1088 I
1497 1049 1554 1088 87
1583 1046 1665 1101 (3),·
1703 1045 1921 1100 Olympius
1951 1044 2066 1087 arch.

350 1118 531 1170 Zeauny
550 1118 603 1158 35
624 1114 765 1170 (1877)
778 1129 825 1168 p.
844 1118 924 1157 191
945 1128 987 1156 n.
1005 1117 1059 1157 93
1080 1114 1159 1170 (4);
1181 1113 1332 1156 Delius
1354 1114 1453 1156 bun.
1476 1114 1525 1156 de
1547 1127 1654 1156 corr.
1675 1113 1771 1156 hell.
1787 1116 1815 1155 3
1826 1115 1967 1168 p.158
1987 1105 2068 1168 (5),-

349 1185 635 1239 Peryamenus
672 1184 761 1225 III
794 1183 840 1226 S.
873 1186 981 1225 7090
1010 1182 1082 1238 (6).
1148 1182 1323 1225 Fistula
1359 1182 1562 1237 plumbea
1601 1181 1778 1224 Ariciae
1821 1196 1909 1236 rep.
1939 1180 2065 1224 XIV

349 1257 461 1297 2174
483 1250 555 1307 (7).
605 1252 821 1294 Incertum
849 1254 992 1293 utrum
1016 1251 1140 1292 huius
1162 1265 1219 1293 an
1236 1250 1320 1306 filii
1339 1251 1623 1305 fraymentum
1643 1250 1897 1292 Atheniense
1914 1248 2066 1293 OIAtt.

349 1326 387 1372 3,
410 1325 490 1364 614
511 1320 584 1379 (8).
633 1320 798 1362 Mentio
828 1320 915 1361 eius
955 1320 1053 1374 fieri
1080 1319 1244 1361 videtur
1273 1320 1320 1361 in
1350 1319 1486 1361 titulis
1515 1318 1675 1360 mutilis
1703 1318 1853 1360 GIAtt.
1884 1321 1964 1360 616
1993 1318 2067 1374 (9).

351 1394 433 1433 617
452 1388 536 1443 (10)
564 1389 636 1442 qui
663 1388 845 1441 fortasse
877 1387 1061 1430 dedicati
1088 1391 1185 1430 sunt
1214 1387 1305 1442 filio
1337 1388 1437 1430 eius.
1485 1387 1626 1429 Plane
1646 1388 1810 1429 ineerta
1830 1387 2070 1429 coniectura

351 1457 701 1510 Dittenberyerus
742 1455 799 1497 ad
837 1469 928 1497 eum
966 1456 1130 1498 rettulit
1158 1456 1442 1510 fraymentum
1469 1454 1621 1499 CIAtt.
1645 1459 1686 1506 3,
1708 1457 1786 1498 615
1817 1455 1915 1511 (11).
1978 1454 2069 1497 Nec

348 1526 487 1567 minus
524 1526 751 1577 incertum,
790 1526 933 1565 utrum
971 1524 1023 1565 ab
1064 1524 1139 1566 hoe
1171 1524 1338 1578 positus
1378 1527 1406 1567 t.
1451 1523 1722 1577 Epidaurius
1750 1523 1839 1566 III
1861 1522 1908 1566 S.
1943 1525 2066 1565 7267.

434 1595 482 1636 P.
505 1593 732 1634 Memmius
753 1591 944 1646 Regulus
968 1591 1141 1649 (Ρῆγλος
1171 1592 1287 1634 tituli
1312 1591 1486 1645 Graeci)
1510 1595 1607 1633 aeta
1625 1591 1730 1636 Arv.
1761 1594 1801 1633 et
1830 1593 1857 1633 t.
1887 1594 1930 1634 2.
1956 1593 1996 1633 3.
2029 1593 2066 1641 7,

350 1662 537 1715 idemque
575 1661 661 1715 fuit
698 1661 744 1702 in
782 1659 942 1702 mutilis
973 1663 1000 1701 t.
1032 1664 1071 1702 4.
1102 1663 1141 1710 6,
1171 1660 1269 1702 item
1300 1663 1326 1702 t.
1360 1663 1385 1701 1
1420 1660 1513 1713 (ubi
1551 1659 1739 1702 traditur
1767 1659 1818 1702 P.
1847 1659 2068 1701 Mentinus
2120 1679 2123 1682 ⁴

350 1729 561 1784 Regulus)
605 1728 780 1786 (Ρῆγλος
822 1728 931 1770 nude
974 1731 1035 1770 est
1078 1731 1106 1772 t.
1151 1729 1216 1783 5),
1263 1727 1490 1770 Memmius
1535 1727 1726 1782 Regulus
1769 1727 1831 1770 vel
1876 1725 2068 1782 Regulus

351 1799 580 1854 scriptores
603 1797 798 1852 plerique
808 1810 821 1848 ;
850 1796 898 1840 O.
920 1796 1148 1838 Memmius
1171 1796 1286 1839 Suet.
1316 1795 1407 1840 Gal.
1429 1798 1498 1846 25,
1530 1797 1576 1838 in
1596 1796 1875 1850 praenomine
1904 1807 2067 1837 errans.

350 1868 396 1909 P.
434 1866 462 1909 f.
504 1866 715 1921 (Πο[πλιόυ
748 1865 860 1920 ὑιὸς])
902 1868 930 1908 t.
970 1869 997 1907 4
1027 1865 1162 1920 (modo
1202 1866 1258 1907 sit
1292 1868 1402 1907 reete
1438 1864 1682 1921 suppletus).
1748 1865 1889 1907 Homo
1929 1877 2067 1905 novus

351 1936 501 1988 (‘nova
538 1935 707 1990 generis
750 1933 1044 1988 claritudine')
1090 1933 1186 1977 Tae.
1230 1948 1268 1976 a.
1299 1937 1373 1984 14,
1406 1936 1464 1975 47
1503 1934 1651 1988 (pater
1694 1933 1827 1987 iyitur
1869 1932 1941 1974 vix
1983 1932 2070 1986 fuit

349 2003 540 2057 Reyulus
559 2002 700 2058 [infra
720 2002 762 2044 R
782 2001 859 2057 33]
888 2003 926 2044 is
947 2016 1065 2055 quem
1094 2002 1301 2044 consulem
1331 2016 1371 2044 a.
1394 2016 1442 2057 p.
1472 2001 1574 2044 Chr.
1595 2004 1651 2043 18
1679 2001 1811 2055 fuisse
1842 2000 2070 2043 docuerunt

350 2072 457 2125 fasti
481 2071 680 2113 Antiates
708 2073 818 2112 reete
849 2070 955 2120 leeti,
986 2069 1035 2112 X
1062 2073 1167 2112 6639
1197 2084 1233 2112 v.
1255 2069 1340 2123 19).
1401 2069 1563 2112 Consul
1603 2069 1697 2113 suff.
1729 2084 1767 2111 a.
1800 2070 1852 2112 31
1892 2083 1948 2110 ex
1976 2067 2066 2110 kal.

350 2139 444 2182 Oct.
489 2140 589 2193 fast.
631 2139 730 2181 Nol.
772 2138 836 2194 (X
861 2137 1013 2192 1233);
1049 2139 1149 2192 fast.
1189 2138 1294 2180 Arv.
1360 2137 1546 2180 Adiutor
1583 2137 1800 2180 Macronis
1840 2138 1885 2179 in
1925 2138 2066 2194 oppri-

352 2208 505 2250 mendo
545 2208 701 2251 Seiano
738 2207 810 2262 (18
849 2206 944 2250 Oct.
985 2207 1058 2261 31)
1099 2206 1186 2249 Dio
1223 2209 1290 2257 58,
1321 2210 1359 2249 9.
1400 2210 1469 2249 10.
1538 2207 1725 2249 Rixatur
1765 2221 1861 2248 cum
1903 2205 2068 2261 collega

350 2277 400 2320 L.
431 2276 628 2318 Fulcinio
658 2276 819 2318 Trione
852 2276 950 2318 Tae.
983 2290 1023 2317 a.
1052 2278 1091 2326 5,
1123 2279 1176 2317 11
1207 2276 1260 2329 ef.
1283 2279 1321 2326 6,
1342 2279 1381 2319 4.
1441 2276 1641 2332 Poppaeo
1673 2274 1833 2318 Sabino
1864 2274 2066 2317 defuncto

349 2360 386 2386 a.
419 2346 472 2387 35
510 2346 556 2386 in
596 2344 969 2386 administratione
999 2343 1190 2386 Achaiae
1219 2343 1500 2386 Macedoniae
1529 2343 1719 2386 Moesiae
1758 2343 1951 2385 succedit
1978 2342 2066 2385 Dio

347 2416 416 2464 58,
439 2416 495 2456 ,25
529 2413 602 2467 (of.
626 2416 653 2455 t.
675 2416 728 2456 2.-
767 2412 1039 2471 [πρεσβευτ]ὴν
1073 2412 1250 2469 Τιβερίου
1284 2412 1484 2469 Καίσαρος
1513 2413 1717 2469 Σεβαστοῦ
1746 2411 1826 2466 κ[αὶ
1856 2411 2068 2468 ἀντι]στροί-

345 2482 497 2538 τηγον).
539 2481 801 2536 Consularis,
834 2482 1071 2523 exercitum
1101 2481 1290 2536 regebat,
1324 2495 1422 2523 cum
1453 2496 1565 2523 uxor
1590 2482 1682 2522 eius
1703 2479 1846 2522 Lollia
1866 2479 2066 2523 Paullina

349 2566 375 2591 a
405 2551 514 2594 Gaio
552 2551 731 2592 Romam
771 2556 1024 2591 evocaretur
1055 2549 1170 2593 Suet.
1213 2548 1304 2592 Cal.
1335 2551 1393 2593 25
1433 2549 1527 2604 (ubi
1563 2562 1664 2591 sane
1705 2548 1902 2598 traditur,
1935 2561 2066 2602 prae-

349 2619 515 2660 nomine
555 2618 732 2668 diverso,
787 2617 835 2660 O.
877 2618 1147 2672 Memmius);
1190 2632 1284 2659 eam
1325 2618 1506 2660 Romam
1545 2618 1772 2660 comitatus
1811 2617 1926 2660 Suet.
1959 2616 1985 2660 l.
2016 2630 2064 2668 6.,

350 2693 524 2728 coactus
565 2693 628 2729 est
667 2687 758 2743 ipse
789 2687 899 2731 Gaio
937 2685 1205 2742 despondere
1234 2685 1322 2728 Dio
1351 2688 1418 2736 59,
1448 2689 1506 2729 12
1536 2686 1627 2741 (sub
1660 2700 1699 2727 a.
1721 2687 1816 2741 38);
1855 2685 2067 2728 Eusebius

349 2755 490 2797 chron.
523 2762 641 2810 (vers.
667 2755 790 2797 Arm.
811 2768 844 2797 s.
873 2769 912 2797 a.
935 2754 1043 2797 Abr.
1064 2757 1182 2798 2052
1191 2768 1204 2805 ,·
1234 2754 1517 2809 Hieronymus
1546 2767 1578 2796 s.
1611 2768 1649 2795 a.
1681 2756 1813 2804 2055;
1847 2753 2066 2807 Syncellus

352 2838 400 2877 p.
421 2823 548 2877 622),·
578 2824 631 2877 ef.
660 2824 757 2866 Tae.
781 2838 819 2866 a.
842 2827 912 2873 12,
935 2826 1009 2866 22.
1052 2823 1147 2865 Hoc
1169 2823 1352 2876 fortasse
1374 2825 1554 2876 tempore
1576 2822 1686 2864 inter
1705 2822 1864 2875 fratres
1884 2820 2066 2863 Arvales

350 2894 567 2945 cooptatus
605 2895 665 2934 est
706 2890 777 2946 (ef.
809 2892 983 2934 Hemen
1013 2894 1093 2933 aet.
1125 2891 1228 2934 Arv.
1251 2905 1299 2944 p.
1321 2890 1488 2932 XLIV
1507 2893 1591 2932 not.
1616 2892 1673 2946 3),
1714 2890 1824 2932 inter
1853 2903 1955 2943 quos
1984 2889 2064 2931 ali-

350 2960 507 3013 quoties
535 2960 780 3002 nominatur
811 2959 1066 3015 [M]emmius
1097 2959 1288 3014 Regulus
1318 2973 1451 3000 mens.
1484 2958 1600 3014 Sept.
1634 2958 1729 3002 Oct.
1761 2958 1814 3000 38
1847 2961 1926 3002 aot.
1957 2956 2062 2999 Am).

351 3029 516 3070 Rursus
548 3034 612 3070 est
642 3029 687 3070 in
714 3028 881 3070 Achaia
912 3027 992 3070 sub
1024 3027 1154 3069 finem
1183 3028 1306 3082 regni
1338 3027 1493 3071 Gaiani
1523 3027 1725 3081 Iosephus
1756 3029 1843 3069 ant.
1874 3029 1940 3077 19,
1961 3029 2001 3076 1,
2022 3028 2062 3076 1,

349 3097 452 3138 item
482 3096 561 3138 sub
590 3095 771 3139 Claudio
804 3099 831 3140 t.
854 3099 897 3140 2.
924 3099 952 3137 3
979 3096 1223 3151 (praeterea
1253 3095 1501 3150 leyationem
1530 3095 1618 3137 eius
1646 3097 1879 3137 memorant
1908 3097 1935 3136 t.
1966 3097 2006 3135 1.
2037 3097 2064 3136 6

351 3165 405 3218 ef.
436 3167 464 3206 t.
495 3167 534 3207 9.
566 3163 649 3210 11).
711 3163 950 3206 Proconsul
980 3163 1111 3206 Asiae
1142 3167 1168 3208 t.
1202 3167 1227 3205 6
1257 3162 1348 3218 (sub
1377 3162 1575 3214 Claudio,
1608 3166 1710 3217 post
1739 3177 1778 3206 a.
1798 3165 1865 3212 47,
1896 3175 1989 3204 eum
2016 3161 2064 3204 in

348 3236 375 3274 t.
398 3236 423 3274 6
450 3235 676 3287 usurpetur
707 3233 849 3274 littera
877 3231 1153 3286 Claudiana).
1205 3232 1258 3274 A.
1291 3233 1344 3274 55
1375 3232 1537 3274 Romae
1566 3231 1849 3287 promagister
1878 3229 2061 3272 fratrum

350 3299 576 3342 Arvalium
605 3304 684 3344 aot.
706 3300 824 3351 Arv„
858 3302 971 3342 inter
1000 3315 1107 3356 quos
1136 3305 1399 3342 memoratur
1431 3300 1559 3342 etiam
1590 3314 1627 3341 a.
1650 3299 1717 3342 57.
1740 3299 1808 3341 58.
1831 3298 1897 3340 59.
1919 3298 1975 3340 60
2003 3297 2061 3340 ib.

350 3368 591 3422 (sacerdotii
609 3368 784 3410 Arvalis
805 3368 1051 3411 mentionem
1080 3368 1190 3422 facit
1218 3368 1346 3411 etiam
1376 3371 1403 3411 t.
1426 3370 1479 3421 6).
1528 3366 1716 3410 Moritur
1744 3381 1783 3408 a.
1805 3367 1855 3408 61
1896 3365 1994 3408 Tac.
2020 3378 2060 3409 a.
