2202 3724
216 289 503 367 NAiifflssvs
1074 318 1156 362 398
1887 319 2036 362 NAs‘o

300 460 443 503 medio
466 458 575 500 tollit
597 457 694 498 Tac.
719 456 744 497 l.
769 470 800 498 c.
814 469 826 507 ,·
855 455 944 498 Dio
971 459 1035 506 60,
1063 458 1129 497 34.
1169 454 1338 511 Aspera
1369 454 1566 497 custodia
1584 461 1756 511 saeptus
1778 461 1821 498 et
1849 456 1941 512 ipse
1964 456 2019 498 ad

302 534 483 569 mortem
514 526 656 579 agitur
682 524 779 566 Tac.
803 538 843 565 a.
865 527 932 574 13,
954 527 992 574 1,
1026 523 1208 566 Claudio
1238 523 1432 565 nondum
1462 523 1658 579 exequiis
1687 522 1828 566 ductis
1859 524 2021 568 Seneca

303 609 417 650 apoc.
449 597 523 644 13,
565 607 659 634 cum
701 598 828 633 antea
868 591 1174 634 combussisset
1210 606 1266 633 ex
1303 591 1551 647 epistulario
1583 590 1824 634 Claudiano
1854 591 2021 635 litteras

303 668 523 718 suspectas
553 659 640 702 Dio
672 659 698 701 l.
731 673 764 702 e.
796 659 991 701 Divitiae
1032 660 1123 700 eius
1164 658 1283 701 Plin.
1314 658 1354 702 h.
1383 673 1425 701 n.
1455 662 1521 710 33,
1551 662 1653 711 134,·
1691 659 1784 702 Iuv.
1815 662 1880 711 14,
1910 662 2022 711 329,-

303 730 545 772 sestertium
585 727 767 784 amplius
798 734 951 784 quater
989 726 1127 769 milies
1166 741 1386 784 possessor
1415 727 1504 770 Dio
1534 731 1599 778 60,
1630 730 1696 771 34.
1754 727 2023 770 Memoratur

303 799 430 840 etiam
452 812 479 839 a
497 796 670 838 Iuliano
693 794 808 839 Caes.
832 810 880 850 p.
896 795 1032 838 310B
1060 799 1099 838 et
1129 810 1157 837 a
1187 794 1430 838 Claudiano
1461 796 1508 838 in
1527 795 1709 850 Eutrop.
1729 796 1764 838 I
1786 795 2021 851 (XVIII),

301 869 403 917 441,·
434 865 581 908 Sidon.
603 864 747 918 Apoll.
770 878 830 918 ep.
852 866 890 914 5,
917 867 952 907 7.
1013 863 1094 906 Vix
1122 863 1190 906 hic
1215 863 1446 906 Narcissus
1474 864 1601 919 (quod
1629 864 1892 907 coniecerunt
1919 878 2022 907 non-

300 933 423 988 nulli)
453 936 709 975 memoratur
740 947 767 974 a
797 931 936 974 Paulo
968 931 1156 986 apostolo
1184 946 1246 986 ep.
1277 932 1345 974 ad.
1370 931 1493 974 Rom.
1521 935 1585 983 16,
1617 936 1682 977 11.

222 1005 271 1046 19
302 1003 548 1056 NarcissuS,
594 1016 693 1043 cum
723 1001 818 1043 aliis
847 1002 920 1056 qui
952 1001 1032 1043 sub
1062 1000 1234 1043 Nerone
1264 1000 1498 1043 insolenter
1529 1015 1575 1043 se
1605 1007 1794 1056 egerant,
1826 1016 1853 1043 a
1883 999 2025 1045 Galba

300 1072 477 1127 punitus
507 1069 595 1112 Dio
626 1073 691 1120 64,
721 1072 760 1111 3.

216 1141 270 1182 20
300 1139 530 1181 Narcissus
571 1137 732 1180 athleta
772 1138 964 1191 (iuvenis
995 1153 1173 1194 corpore
1202 1137 1373 1180 validus
1402 1137 1540 1193 Her.),
1573 1137 1797 1181 Commodi
1827 1135 2022 1193 strangu-

301 1207 412 1249 lator
441 1206 529 1249 Dio
561 1209 629 1256 72,
661 1210 723 1249 22
754 1204 876 1258 (Zon.
900 1210 969 1257 12,
993 1206 1060 1261 5);
1088 1206 1248 1249 Herod.
1276 1210 1315 1257 1,
1338 1210 1404 1257 17,
1426 1209 1478 1251 11
1488 1219 1501 1258 ;
1532 1206 1750 1261 Syncellus
1770 1220 1819 1262 p.
1841 1210 1934 1258 668,
1956 1211 2023 1250 10.

301 1276 340 1318 Α
373 1275 533 1318 Severo
566 1275 712 1317 bestiis
743 1275 929 1318 obicitur
954 1275 1026 1319 vit.
1061 1275 1154 1318 Sev.
1186 1279 1262 1326 14;
1291 1274 1380 1317 Dio
1411 1278 1475 1326 73,
1507 1278 1572 1319 16.
1631 1275 1776 1317 Huius
1806 1276 2023 1331 suffragiis

303 1345 563 1386 Pescennius
593 1343 729 1397 Niger
764 1343 1179 1386 administrationem
1211 1343 1366 1399 Syriae
1407 1351 1560 1386 nactus
1600 1350 1693 1386 erat
1730 1345 1802 1386 vit.
1835 1343 1953 1387 Pesc.
1982 1347 2022 1386 1.

217 1415 266 1455 21
300 1413 501 1466 Narseus,
540 1411 799 1454 Parthorum
829 1427 919 1466 rex,
962 1411 1125 1466 legatos
1155 1413 1275 1454 misit
1304 1412 1359 1454 ad
1389 1412 1579 1454 Probum
1610 1427 1758 1468 pacem
1788 1413 2024 1469 petiturum,

304 1480 487 1537 epistula
520 1480 651 1522 Probi
683 1480 736 1521 ad
770 1495 864 1522 eum
896 1481 968 1523 vit.
997 1480 1135 1523 Probi
1163 1484 1220 1522 17
1247 1480 1420 1536 (fictio).
1484 1480 1750 1535 Intelleqitur
1778 1481 1868 1523 sine
1898 1481 2024 1523 dubio

303 1549 495 1591 Narseus
524 1562 599 1590 rex
629 1547 874 1599 Persarum,
913 1549 987 1602 qui
1015 1563 1107 1591 cum
1136 1548 1359 1591 Galerium
1383 1548 1551 1603 proelio
1580 1549 1765 1600 vicisset,
1789 1552 1942 1604 postea
1970 1549 2024 1592 ab

302 1617 442 1659 eodem
463 1620 501 1659 et
522 1631 549 1658 a
570 1615 840 1659 Diocletiano
861 1617 994 1659 vietus
1015 1620 1074 1659 est
1094 1616 1294 1672 (Eutrop.
1317 1620 1355 1668 9,
1378 1620 1441 1660 22
1454 1630 1560 1671 seq.,·
1589 1616 1732 1659 Victor
1753 1616 1873 1660 Caes.
1892 1620 1960 1668 39,
1974 1619 2001 1660 5
2012 1630 2025 1669 ;

301 1685 516 1727 Ammian.
537 1687 606 1734 23,
627 1687 666 1735 5,
689 1687 765 1736 11,·
794 1685 968 1728 Orosius
1000 1689 1036 1735 7,
1064 1688 1134 1736 25,
1156 1689 1194 1729 4.
1218 1688 1244 1728 9
1263 1699 1370 1739 seq.,·
1398 1685 1506 1739 Ruf.
1536 1685 1691 1728 Festus
1719 1686 1828 1728 brev.
1862 1689 1927 1729 14.
1948 1687 2002 1728 15
2011 1698 2025 1738 ‚·

303 1755 499 1796 Zonaras
529 1757 596 1804 12,
621 1755 717 1811 31),·
745 1752 819 1795 sed
846 1752 956 1795 hunc
985 1752 1250 1795 Diocletiani
1280 1753 1442 1796 demum
1472 1754 1727 1808 temporibus
1755 1767 1893 1808 reyem
1919 1752 2025 1796 Per-

301 1836 447 1864 sarum
485 1822 647 1875 factum
687 1835 793 1872 esse,
834 1821 972 1864 Probi
1000 1822 1255 1876 temporibus
1283 1836 1421 1876 reyem
1449 1822 1681 1864 Persarum
1719 1822 1851 1876 fuisse
1890 1821 2026 1864 Vara-

300 1905 447 1932 ranem
486 1891 590 1932 satis
630 1893 794 1932 constat
830 1891 900 1945 (cf.
939 1890 1162 1932 Tillemont
1199 1894 1284 1932 not.
1314 1904 1389 1933 sur
1417 1891 1557 1933 Probe
1587 1890 1660 1941 VI,
1689 1894 1786 1933 note
1813 1904 1890 1933 sur
1917 1889 2026 1933 Dio-

303 1959 449 2000 cle‘tien
478 1958 526 2000 X
551 1958 679 2013 [hist.
712 1958 782 2000 des
812 1973 916 2013 emp.
943 1959 1031 2001 III
1044 1973 1093 2013 p.
1113 1961 1210 2010 539,
1243 1958 1323 2001 IV
1335 1973 1382 2014 p.
1405 1958 1512 2014 602]
1521 1972 1534 2010 ;
1567 1958 1755 2002 Noldeke
1781 1958 2026 2002 Geschichte

303 2028 376 2070 der
407 2028 559 2070 Perser
586 2041 663 2070 eur
694 2028 789 2070 Zeit
818 2027 891 2070 der
921 2027 1163 2070 Sasaniden
1184 2023 1232 2082 p.
1253 2031 1307 2070 49
1336 2031 1421 2070 not.
1444 2031 1470 2070 1
1501 2031 1540 2070 et
1559 2042 1608 2082 p.
1629 2030 1740 2083 416).
1813 2043 1816 2046 ·

217 2098 272 2139 22
301 2096 544 2138 Nasennius
584 2095 850 2152 Apollinaris
888 2096 1150 2148 (Nesennius
1191 2099 1252 2138 est
1287 2096 1334 2138 in
1363 2096 1516 2151 Di99.;
1555 2096 1612 2150 fr.
1644 2095 1736 2140 Vat.
1764 2095 2027 2150 ‚qentilicium

305 2163 412 2219 om),
446 2164 499 2206 de
526 2165 659 2206 variis
689 2165 956 2219 argumentis
986 2165 1259 2220 quaestiones
1290 2166 1382 2206 eius
1412 2179 1467 2206 ex
1495 2163 1607 2206 Iulio
1629 2163 1779 2219 Paulo,
1802 2164 1960 2221 quibu's
1989 2165 2026 2206 is

304 2232 527 2288 respondit
545 2231 666 2274 libris
688 2234 990 2289 quaestionum
1011 2234 1068 2286 fr.
1100 2232 1192 2275 Vat.
1214 2236 1307 2276 227
1314 2246 1328 2284 ;
1347 2232 1449 2287 Diy.
1470 2236 1510 2284 3,
1533 2235 1572 2284 5,
1593 2235 1647 2275 33
1667 2232 1767 2287 (34).
1796 2235 1866 2283 27,
1888 2236 1927 2284 1,
1949 2236 2022 2276 32.

302 2303 367 2350 35,
389 2304 432 2351 2,
453 2303 527 2343 22.
559 2304 629 2351 42,
652 2305 689 2351 1,
713 2304 779 2344 41.

220 2370 274 2411 23
303 2369 474 2424 Nasica,
509 2376 715 2425 captator,
748 2385 774 2412 a
800 2369 971 2412 Corano
1002 2384 1161 2424 genero
1184 2368 1358 2412 delusus
1378 2369 1533 2412 Horat.
1552 2372 1634 2411 sat.
1655 2372 1699 2420 2,
1719 2371 1759 2420 5,
1779 2371 1846 2412 57.
1869 2370 1923 2411 65
1940 2381 2023 2422 seq.

233 2461 287 2467 —
333 2444 536 2479 CAESIVS
567 2444 761 2480 NASICA.

220 2506 274 2547 24
304 2505 562 2547 Nasidienus
603 2505 742 2548 Rufus
782 2506 1058 2560 (Nasidienus
1097 2521 1134 2549 v.
1165 2510 1204 2548 1.
1235 2509 1301 2557 84,
1342 2506 1479 2549 Rufus
1509 2520 1545 2548 v.
1575 2506 1669 2561 58),
1713 2506 1839 2549 homo
1877 2505 2023 2561 dives‘3

306 2589 411 2615 cena
440 2575 529 2616 eius
561 2576 686 2616 irrisa
716 2574 769 2617 ab
801 2575 986 2618 Horatio
1015 2578 1095 2618 sat.
1122 2578 1166 2625 2,
1196 2578 1237 2617 8.
1299 2575 1442 2631 Eques
1473 2576 1690 2617 Romanus
1719 2574 1848 2617 Acro.

220 2643 273 2683 25
308 2675 343 2684 ..
365 2675 373 2684 .
392 2649 517 2684 .ALE
538 2676 546 2684 .
565 2676 574 2685 .
593 2676 630 2685 ..
663 2649 790 2684 NASO
823 2644 900 2697 (M.
930 2643 1130 2686 Valerius
1161 2643 1298 2698 Naso,
1335 2643 1396 2686 M.
1426 2643 1455 2687 f.
1482 2644 1653 2698 primus
1681 2643 1828 2694 editor,
1859 2642 1934 2686 sed
1959 2643 2025 2685 in-

305 2713 461 2752 certum
498 2725 600 2752 num
641 2726 689 2753 ex
730 2711 907 2766 lapide),
949 2712 1067 2754 tribu
1106 2712 1217 2756 Pub.
1256 2710 1435 2766 (oriyine
1463 2713 1553 2754 sine
1588 2711 1714 2754 dubio
1745 2711 2022 2769 Veronensis),

307 2779 579 2833 quattuorvir
609 2780 777 2821 viarum
807 2780 1119 2835 curandarum3
1159 2780 1316 2822 flamen
1346 2779 1598 2835 Augustalis
1629 2781 1795 2836 primus
1824 2779 2025 2822 Veronae

306 2852 474 2888 creatus
515 2850 541 2888 t.
584 2847 829 2889 Veronensis
868 2848 909 2890 V
927 2851 1046 2893 3341.
1113 2848 1317 2890 Fortasse
1361 2847 1553 2891 Valerius
1597 2847 1738 2898 Naso,
1776 2848 2025 2902 praetorius

306 2928 345 2957 a.
368 2929 416 2967 p.
446 2913 546 2958 Chr.
569 2918 639 2965 26,
672 2916 727 2969 cf.
758 2917 879 2969 infra
909 2917 984 2959 sub
1016 2931 1074 2959 eo.

219 3007 276 3011 —
305 2989 348 3024 L.
380 2989 618 3024 AEMILIVS
650 2989 778 3025 NASO
810 2991 1137 3029 FABVLLINVS.

218 3075 276 3080 —
305 3050 355 3094 L.
387 3050 601 3092 Antonius
632 3052 762 3094 Naso.
969 3047 971 3049 ¹

219 3143 277 3148 ——
305 3125 349 3161 L.
380 3125 526 3160 AXIVS
558 3125 699 3163 NASO.

219 3212 276 3218 —
304 3193 468 3228 IVLIVS
499 3192 643 3229 NASO.

218 3281 277 3285 —
305 3255 354 3299 P.
387 3254 570 3297 Ovidius
599 3255 728 3297 Naso.

218 3349 276 3355 —
304 3329 553 3366 VALERIVS
584 3329 727 3368 NASO.

217 3417 277 3423 —
304 3399 346 3435 P.
376 3397 621 3435 VIRIASIVS
656 3398 799 3435 NASO.
