2190 3724
270 281 447 316 FABIVS
1154 274 1207 314 52
1898 279 2077 315 FABIVS

356 411 513 466 scripto
544 426 581 452 a.
603 411 685 452 108
719 409 786 451 VI
807 412 950 451 10229
980 423 1021 452 η.
1052 412 1132 458 24;
1167 408 1221 450 ab
1253 406 1332 448 hoc
1364 422 1511 449 rursus
1543 408 1619 449 vix
1650 406 1846 450 diversus
1877 408 2080 452 Rusticus

356 480 517 521 amicus
548 477 678 520 Plinii
710 477 830 519 le.
860 491 920 530 ep.
944 482 982 526 ἔ),
1005 480 1075 519 29.

272 549 326 591 53
357 546 556 600 (Fabius)
586 546 785 599 Sabinus,
819 546 909 586 eius
940 545 1014 600 qui
1046 545 1239 600 sequitur
1270 547 1392 599 pater
1421 545 1491 586 vit.
1514 544 1636 588 Alex.
1658 548 1724 588 68.

271 616 326 658 54
356 615 518 657 Fabius
569 613 776 667 Sabinus,
838 612 986 655 Sabini
1046 613 1225 666 insignis
1270 613 1351 653 viri
1403 611 1538 665 filius,
1591 612 1699 655 Cato
1750 614 1952 669 temporis
2002 614 2080 668 sui,

360 682 611 725 Alexandro
643 682 686 722 in
716 680 892 723 consilio
921 682 991 724 vit.
1023 680 1146 724 Alex.
1168 684 1233 724 68.
1293 680 1384 722 Aut
1414 681 1504 736 ipse
1544 687 1618 722 aut
1656 687 1779 737 pater
1817 687 1959 738 potest
1991 695 2082 722 esse

359 751 546 794 Sabinus
578 749 815 791 consularis
845 750 913 790 vir
944 749 999 791 ab
1031 748 1270 802 Elagabalo
1307 748 1446 790 occidi
1485 750 1646 802 iussus,
1690 749 1765 791 sed
1803 763 1947 791 errore
1985 763 2081 791 cen-

358 819 538 861 turionis
569 825 764 860 servatus
783 818 854 861 vit.
876 818 922 860 E
929 818 1010 871 lay.
1033 821 1098 867 16,
1127 818 1202 859 ubi
1227 818 1344 871 turpi
1372 832 1514 860 errore
1544 818 1717 860 additur
1743 817 1852 860 hunc
1874 818 2083 861 Sabinum

358 901 449 929 cnm
479 900 563 928 esse
595 886 652 927 acl
680 900 798 939 quem
831 885 1042 939 Ulpianus
1073 885 1203 927 libros
1232 886 1413 940 scripsit.

273 957 326 999 55
358 962 535 997 FABIVS
579 960 810 996 SENATOR
855 961 1048 1010 praetor,
1095 955 1139 995 in
1178 953 1302 996 laetis
1342 954 1498 996 haustu
1538 969 1622 996 uno
1664 953 1751 1010 pilo
1791 953 2084 1009 strangulatus

357 1024 475 1067 sz.
498 1023 536 1067 h.
558 1037 599 1066 n.
625 1026 660 1073 7,
683 1026 748 1066 44.

273 1093 327 1135 56
358 1099 399 1133 L.
433 1098 611 1133 FABIVS
653 1097 898 1145 SEVERVS,
942 1091 1060 1133 tribu
1096 1091 1294 1146 Pupinia,
1336 1089 1637 1145 Tergestinus,
1675 1090 1788 1133 filius
1826 1090 1950 1133 Fabii
1978 1091 2084 1134 Veri

360 1160 522 1215 egregii
553 1160 649 1214 viri,
688 1166 891 1216 quaestor
920 1159 1114 1201 urbanus
1147 1158 1301 1202 V532.
1360 1158 1608 1201 Admodum
1648 1159 1900 1201 adulescens
1929 1160 2086 1202 multas

359 1243 510 1271 causas
532 1243 609 1284 pro
631 1228 772 1283 patria
792 1227 999 1282 Tergeste
1020 1227 1136 1283 apud
1162 1228 1401 1283 principem
1427 1227 1696 1270 Antoninum
1718 1228 1845 1270 Pium
1862 1229 1975 1283 legit3
2006 1242 2084 1284 pro

359 1295 485 1338 simili
516 1297 668 1338 merito
700 1302 842 1338 statua
871 1311 897 1338 a
927 1295 1096 1338 civibus
1126 1296 1211 1338 suis
1241 1295 1475 1337 honoratus
1504 1297 1559 1340 ib.

271 1392 327 1398 —
360 1371 578 1408 MAESIVS
609 1371 788 1407 FABIVS
820 1371 1066 1408 TITIANVS.
1410 1413 1413 1415 Α

271 1461 328 1466 —
361 1441 401 1478 C.
432 1440 651 1476 MAESIVS
680 1439 948 1484 AQVILLIVS
979 1439 1158 1474 FABIVS
1189 1438 1436 1476 TITIANVS.

271 1529 328 1534 —-
360 1503 418 1545 M.
453 1501 714 1558 Calpurnius
746 1501 912 1544 Seneca
941 1501 1104 1543 Fabius
1135 1501 1299 1556 Turpio
1332 1500 1668 1543 Sentinatianus.

275 1572 329 1615 57
360 1577 539 1613 FABIVS
570 1577 791 1621 VALENS‚
833 1576 959 1612 natus
990 1570 1238 1624 Anagniae,
1272 1570 1460 1625 equestri
1490 1569 1653 1612 familia
1688 1571 1785 1614 Tac.
1816 1571 1913 1615 hist.
1944 1577 1982 1622 3,
2016 1576 2085 1616 62.

363 1640 550 1682 ‘Procax
580 1639 773 1681 moribus
794 1653 934 1694 neque
960 1637 1173 1681 absurdus
1204 1639 1391 1693 ingenio,
1422 1637 1579 1680 famam
1610 1638 1866 1682 urbanitatis
1897 1655 1975 1696 per
2005 1639 2086 1682 las-

361 1708 517 1750 civiam
547 1713 715 1762 peter03
758 1706 923 1748 ludicro
953 1706 1225 1748 Iuvenalium
1266 1705 1346 1748 sub
1375 1705 1548 1748 Nerone
1578 1706 1699 1749 velut
1734 1722 1789 1756 ex
1818 1709 2084 1764 necessitate,

358 1791 461 1818 mox
492 1780 642 1831 sponte
673 1776 823 1816 mimos
863 1775 1079 1828 actitavit,
1123 1776 1227 1816 scite
1267 1775 1402 1829 magis
1434 1789 1563 1830 quam
1593 1775 1744 1831 probe'
1777 1777 1834 1820 ib.
1895 1776 2087 1832 Legatus

359 1845 538 1900 legionis
579 1845 741 1900 primae
782 1845 826 1884 in
858 1844 1092 1887 Germania
1131 1843 1336 1884 inferiore
1380 1843 1478 1887 Tae.
1510 1843 1606 1887 hist.
1638 1847 1684 1894 1,
1723 1847 1790 1895 57,
1830 1845 2087 1900 Verginium

361 1913 558 1968 (Rufum)
601 1919 660 1955 ‘et
703 1912 812 1954 fovit
854 1918 896 1954 et
935 1911 1174 1954 infamavit’
1212 1912 1268 1956 ib.
1298 1915 1337 1962 3,
1369 1915 1427 1954 62
1462 1911 1670 1966 &detecta
1710 1912 1765 1954 ab
1808 1927 1857 1955 eo
1889 1913 2087 1969 Verginii

360 1982 588 2024 cunetatio‘
622 1982 677 2024 ib.
709 1984 747 2031 1,
778 1982 868 2034 52).
918 1981 1153 2035 Legionem
1193 1995 1315 2022 suam
1355 1981 1399 2022 in
1438 1979 1572 2022 verba
1602 1979 1771 2023 Galbae
1800 1981 1938 2036 adigit
1966 1981 2086 2027 Plut.

359 2050 485 2094 Galb.
507 2053 571 2094 10.
632 2049 844 2104 Legatum
877 2050 1137 2093 Germaniae
1177 2049 1391 2090 inferioris
1428 2049 1657 2091 Fonteium
1688 2049 1942 2106 Capitonem
1982 2057 2086 2093 tam-

361 2133 490 2175 quam
521 2133 654 2160 novas
681 2132 748 2160 res
769 2117 1012 2160 molientem
1036 2117 1319 2159 occidendum
1340 2124 1464 2159 curat
1489 2118 1587 2161 Tac.
1609 2117 1703 2161 hist.
1724 2121 1762 2169 1,
1787 2122 1824 2163 7.
1845 2121 1928 2170 52,·
1954 2123 1994 2170 3,
2016 2124 2085 2170 62,

361 2187 478 2231 Plut.
517 2186 645 2230 Gall).
675 2189 741 2231 15.
802 2187 958 2228 Postea
998 2186 1190 2228 infensus
1231 2185 1396 2230 Galbae
1435 2193 1653 2242 tamquam
1696 2187 1876 2242 ingrato,
1910 2186 2086 2230 Vitellio

358 2261 507 2298 auctor
547 2256 689 2297 extitit
723 2255 891 2311 imperii
922 2254 1174 2311 capessendi
1206 2255 1303 2299 Tac.
1326 2255 1421 2299 hist.
1443 2258 1482 2305 1,
1503 2258 1572 2305 52,
1606 2269 1790 2311 eumque
1819 2257 1983 2312 primus
2011 2256 2086 2298 im-

361 2329 600 2379 peratorem
632 2321 873 2364 consalutat
902 2323 958 2367 ib.
989 2337 1021 2366 ο.
1050 2326 1116 2372 57,
1146 2322 1265 2367 Plut.
1294 2322 1421 2365 Gall).
1451 2326 1526 2367 22.
1587 2323 1674 2364 Res
1702 2322 1757 2364 ab
1789 2337 1839 2365 eo
1869 2330 2013 2378 gestas
2042 2325 2087 2366 in

361 2390 472 2434 bello
513 2397 663 2433 contra
700 2390 969 2433 Othonianos
1010 2398 1214 2433 enarrant
1249 2391 1346 2435 Tac.
1378 2390 1473 2434 hist.
1504 2394 1543 2441 1,
1575 2394 1727 2435 61-66.
1760 2395 1812 2434 74
1823 2405 1836 2443 ,·
1863 2396 1907 2442 2,
1928 2396 1994 2437 14.
2014 2396 2085 2437 24.

360 2463 519 2503 27-31.
540 2463 605 2503 34.
626 2463 780 2503 41-43.
801 2462 867 2504 51.
888 2463 963 2510 54,·
994 2460 1112 2503 Plut.
1140 2460 1246 2503 Otho
1262 2463 1300 2504 6.
1325 2463 1361 2503 7.
1383 2463 1448 2502 11.
1471 2463 1525 2501 13
1551 2460 1605 2513 cf.
1623 2460 1787 2514 Ioseph.
1806 2460 1898 2504 bell.
1920 2465 1959 2511 4,
1982 2465 2020 2511 9,
2045 2465 2085 2505 9.

363 2528 553 2570 Litterae
584 2528 675 2569 eius
705 2527 760 2570 ad
790 2527 986 2570 consules
1018 2535 1115 2583 post
1145 2542 1335 2584 pugnam
1364 2527 1695 2570 Bedriacensem
1721 2529 1819 2573 Tac.
1841 2529 1937 2574 hist.
1958 2533 2001 2580 2,
2022 2532 2089 2576 55.
2134 2522 2136 2525 ’

364 2597 463 2651 Ipse
490 2595 663 2639 Vitellio
695 2597 930 2651 Luguduni
964 2603 1134 2653 praesto
1167 2603 1230 2639 est
1258 2597 1315 2640 ib.
1345 2611 1378 2640 e.
1409 2600 1476 2647 59,
1509 2597 1633 2652 eique
1663 2611 1805 2638 comes
1835 2597 2001 2639 itineris
2031 2597 2088 2639 ad

362 2663 513 2706 urbem
532 2664 588 2708 ib.
612 2678 644 2708 C.
670 2667 734 2708 70.
758 2668 809 2706 71
830 2665 883 2718 cf.
907 2679 939 2709 θ.
963 2668 1027 2709 67.
1080 2664 1228 2707 Ludos
1249 2664 1337 2706 edit
1365 2664 1648 2720 amplissimos
1669 2664 1739 2706 die
1770 2664 1902 2707 natali
1924 2664 2088 2708 Vitellii

365 2733 420 2776 ib.
443 2746 475 2776 e.
499 2735 563 2777 95.
623 2732 882 2775 Consulatus
923 2734 961 2774 ei
1002 2733 1259 2787 destinatus,
1297 2747 1424 2789 quem
1454 2732 1630 2775 videtur
1658 2734 1842 2788 gessisse
1870 2733 2087 2776 mensibus

363 2800 475 2854 Aug.
518 2800 635 2856 Sept.
678 2799 773 2843 Oet.
805 2801 859 2843 69
898 2802 995 2844 Tac.
1026 2802 1122 2845 hist.
1154 2806 1196 2852 2,
1230 2805 1282 2843 71
1313 2802 1366 2855 cf.
1395 2802 1631 2843 Mommsen
1659 2801 1748 2855 eph.
1783 2816 1844 2856 ep.
1875 2805 1900 2844 1
1923 2817 1970 2856 p.
1992 2805 2084 2846 191.

364 2868 562 2909 Potentia
583 2868 673 2909 eius
701 2868 797 2912 Tac.
820 2868 915 2911 hist.
936 2872 980 2919 2,
1003 2872 1072 2913 92.
1095 2872 1159 2919 93,
1194 2875 1235 2910 et
1261 2869 1444 2911 avaritia
1462 2869 1519 2912 ib.
1543 2883 1576 2913 6.
1592 2871 1658 2913 56.
1674 2872 1712 2919 3,
1729 2872 1805 2920 41,·
1825 2869 1914 2912 Dio
1933 2873 1998 2920 64,
2020 2873 2085 2915 15.

363 2935 563 2978 Adversa
604 2935 852 2978 valetudine
895 2936 1124 2992 impeditus
1171 2937 1292 2979 tarde
1335 2937 1621 2993 proficiscitur
1665 2943 1814 2979 contra
1856 2937 2086 2980 Flavianos

369 3004 467 3049 Tae.
489 3004 583 3046 hist.
605 3008 647 3054 2,
672 3008 737 3049 99.
759 3008 864 3056 100,·
892 3008 931 3055 3,
952 3009 1017 3055 36,
1039 3009 1093 3047 40
1124 3006 1178 3059 cf.
1201 3020 1233 3049 C.
1256 3009 1320 3049 15.
1383 3004 1566 3059 Cognito
1596 3012 1754 3047 eventu
1784 3019 1955 3061 pugnae
1986 3006 2086 3049 Cre·
2152 3058 2157 3063 .

364 3072 579 3113 monensis
610 3073 654 3113 in
686 3071 872 3116 Galliam
902 3072 1015 3127 fugit
1043 3073 1099 3117 ib.
1120 3077 1159 3123 3,
1181 3077 1246 3117 41.
1268 3077 1338 3117 42.
1391 3072 1553 3129 Captus
1588 3072 1704 3129 apud
1735 3073 1998 3116 Stoechadas
2027 3076 2083 3120 ib.
2158 3071 2160 3075 ’

365 3155 397 3184 c.
413 3143 478 3184 43.
510 3139 665 3183 Urbini
688 3141 732 3182 in
748 3141 943 3183 custodia
958 3141 1208 3183 interfectus
1225 3142 1280 3185 ib.
1299 3156 1331 3185 θ.
1349 3145 1418 3184 62.
1459 3141 1718 3183 Nominatur
1733 3141 1789 3186 ib.
1805 3147 1848 3192 2,
1870 3145 1925 3185 77
1930 3156 1944 3194 ,·
1962 3147 2001 3193 3,
2019 3148 2084 3186 66.

280 3208 333 3251 58
364 3208 527 3250 Fabius
549 3207 709 3251 Valens
732 3209 914 3263 (Fabius
935 3209 1096 3252 Valens
1118 3210 1208 3253 edd.
1221 3210 1363 3265 prino.
1386 3213 1425 3251 et
1443 3209 1580 3260 Rom„
1608 3209 1772 3252 Fabius
1792 3210 2082 3262 Florentinus,

362 3275 523 3318 Valens
554 3277 710 3331 ceteri),
741 3277 903 3319 amicus
935 3277 1079 3329 Plinii,
1110 3277 1165 3319 ad
1197 3292 1324 3334 quem
1353 3278 1390 3319 is
1419 3277 1538 3319 dedit
1567 3292 1628 3331 cy).
1649 3281 1688 3328 4,
1710 3281 1779 3328 23,
1810 3277 1950 3321 Plinio
1981 3286 2085 3322 natu

364 3344 503 3385 minor
532 3344 587 3387 ib.
610 3347 648 3394 4,
669 3348 739 3394 23,
763 3348 800 3388 7.
