2236 3710
668 1096 1042 1146 PRAEFATIO
1079 1096 1386 1146 EDITORIS

226 1301 334 1344 Post
365 1314 419 1345 ea
449 1314 560 1356 quae
591 1301 641 1344 E.
663 1300 802 1344 Klebs
832 1300 1042 1344 volumini
1072 1299 1209 1356 primo
1243 1300 1466 1356 praefatus
1497 1305 1576 1357 est,
1607 1300 1715 1343 nihil
1747 1306 1943 1357 superest

112 1380 196 1424 nisi
226 1380 431 1425 lectorem
462 1394 652 1438 monere,
684 1381 888 1425 volumen
919 1381 1003 1424 hee
1023 1382 1207 1424 alterum
1237 1380 1426 1436 imprimi
1448 1385 1649 1436 eoeptum
1679 1394 1794 1424 anno
1818 1367 1950 1437 1892,'

111 1461 170 1505 ad
198 1460 326 1505 finem
359 1461 614 1517 perductum
645 1474 742 1505 esse
773 1474 888 1504 anno
921 1461 1046 1504 1895.
1106 1460 1208 1504 Noli
1238 1460 1369 1516 igitur
1399 1460 1559 1516 mirari,
1595 1461 1732 1504 multa
1760 1462 1943 1518 antiqui-

111 1540 215 1585 tatis
245 1546 536 1598 monumenta,
567 1555 655 1584 nen
687 1554 828 1598 pauea
858 1540 990 1584 etiam
1020 1540 1211 1584 virerum
1250 1541 1472 1584 doctorum
1505 1540 1679 1596 scripta,
1711 1555 1823 1597 quae
1845 1547 1943 1598 pest

111 1635 272 1665 annum
313 1622 425 1666 1892
473 1611 613 1664 l'ueem
651 1621 867 1677 viderunt,
913 1621 958 1664 in
994 1621 1078 1664 hoe
1115 1620 1335 1664 volumine
1376 1635 1464 1665 nen
1513 1635 1610 1665 esse
1645 1621 1855 1666 adhibita.
1888 1649 1942 1654 —

114 1700 251 1744 Grato
273 1701 418 1745 animo
441 1701 710 1745 memorandi
733 1706 833 1744 sunt
854 1701 933 1744 Th.
955 1701 1196 1744 Mommsen
1226 1705 1269 1744 et
1291 1699 1339 1745 Ο.
1360 1701 1618 1759 Hirschfeld,
1650 1702 1721 1758 qui
1753 1702 1943 1758 singulas

111 1781 343 1825 voluminis
375 1783 544 1838 plagas,
574 1785 810 1836 antequam
842 1782 1007 1837 prelum
1028 1780 1336 1838 relinquerent,
1369 1783 1648 1840 perlegerunt
1679 1786 1723 1826 et
1743 1782 1945 1827 observa-

113 1861 255 1906 tiones
277 1875 378 1906 suas
397 1875 566 1906 meeum
588 1857 1033 1918 communicaverunt3
1062 1861 1166 1906 item
1187 1862 1260 1905 Fr.
1282 1861 1657 1907 Imhoef-Blumer
1687 1867 1731 1907 et
1751 1863 1800 1907 B.
1821 1863 1945 1919 Piek,

111 1941 265 1997 quibus
305 1941 428 2005 bonav
458 1956 513 1986 ex
548 1947 674 1999 parte
712 1941 924 1986 debentur
968 1956 1080 1998 quae
1119 1957 1174 1987 ex
1216 1957 1486 1987 nummorum
1523 1943 1739 1987 thesauris
1782 1943 1944 2000 passim

110 2020 347 2064 attulimus.

226 2169 317 2214 Ser,
347 2170 538 2214 Berolini
568 2183 717 2215 mense

316 2250 408 2292 Ian.
443 2251 566 2293 1897.
1560 2253 1612 2295 H.
1647 2253 1829 2297 DESSAU.
