2202 3724
254 300 392 335 LIVIA
1127 290 1210 332 292
1911 270 2058 332 L1viA>

339 428 555 470 dedicavit
582 428 677 470 Tae.
705 441 743 468 a.
764 429 803 476 3,
826 429 901 476 64,·
930 426 1030 478 fast.
1052 424 1209 468 Praen.
1233 424 1291 466 ad
1319 424 1357 468 d.
1379 427 1439 467 23
1459 425 1568 479 Apr.
1619 425 1784 467 Eodem
1813 440 1928 468 anno
1957 440 2055 468 cum

338 501 589 548 aegrotaret,
612 500 714 535 vota
741 508 818 549 pro
842 494 931 534 eius
952 492 1200 534 valetudine
1222 499 1424 548 suscepta
1448 493 1547 535 Ταῦ.
1571 507 1611 535 α.
1631 495 1671 543 3,
1694 496 1758 535 64.
1783 497 1846 544 71,
1879 493 1947 536 VI
1956 496 2053 537 562.

340 563 524 604 Moritur
554 578 590 604 a.
617 562 684 616 29,
717 576 851 603 annos
881 567 983 602 nata
1001 560 1243 602 LXXXVI
1263 559 1351 602 Dio
1369 562 1435 610 58,
1457 564 1500 604 2.
1546 560 1808 604 Consecrata
1827 576 1853 603 a
1874 560 2055 605 Claudio

339 631 499 673 Seneca
530 644 646 685 apoc.
670 634 718 681 9,·
748 630 863 673 Suet.
893 628 960 672 Ol.
982 632 1058 680 13;
1089 628 1175 670 Dio
1201 631 1266 679 60,
1287 631 1326 672 5.

252 712 330 753 211
365 716 503 751 LIVIA
525 717 662 751 IVLIA
689 710 834 763 (plene
864 706 955 750 sine
973 708 1099 750 dubio
1121 707 1305 751 Claudia
1324 709 1451 751 Livia
1471 708 1596 763 Iulia,
1626 709 1736 752 ande
1766 709 1939 752 libertus
1968 710 2056 752 eius

367 778 500 820 dietus
521 778 587 820 Ti.
611 777 816 819 Claudius
848 777 916 819 VI
926 779 1054 826 5226,
1077 777 1150 818 sed
1176 776 1387 819 Claudiae
1414 791 1562 819 nomen
1589 791 1675 819 non
1702 778 1912 832 reperitur
1933 777 1982 820 de
2006 792 2061 828 ea,

339 846 598 896 adhibitam;
642 846 770 887 Livia
805 845 990 899 passiam
1028 844 1140 887 Iulia
1179 844 1246 887 VI
1267 847 1377 887 5198
1413 845 1489 887 ubi
1524 844 1633 887 hane
1671 845 1912 900 siqnifieari
1947 849 2056 888 reete

333 917 439 967 puto
470 914 645 955 coniecit
667 913 925 964 Mommsem
957 914 1011 966 ef.
1035 913 1232 954 Zonaras
1252 916 1317 963 11,
1340 916 1390 957 2:
1418 915 1466 969 ἥν
1491 912 1667 967 Ἰουλίαν,
1699 914 1826 970 ἕτεροι
1857 915 1901 956 δὲ
1921 913 2056 972 Λιβίαν

336 984 547 1039 γράφουσι,
581 996 664 1035 pro
695 981 845 1034 quibas
873 994 975 1022 sane
1001 980 1252 1034 Xiphilinus
1281 980 1446 1022 exhibet
1472 984 1520 1037 ἥν
1551 998 1650 1028 τινες
1679 982 1887 1025 Λιουίλλαν
1917 983 2056 1038 ὀνομά-

337 1051 482 1104 ζουσιν)
511 1050 573 1091 vel
602 1056 807 1091 LIVILLA
838 1050 919 1103 (sic
940 1048 1054 1092 Suet.
1083 1049 1175 1091 Tib.
1197 1052 1268 1099 62,
1306 1048 1375 1091 Ol.
1397 1051 1435 1091 1.
1455 1051 1495 1099 3,
1526 1048 1614 1091 Dio
1643 1052 1710 1100 58,
1737 1053 1789 1093 11
1799 1063 1812 1101 ;
1838 1063 1923 1092 non
1954 1049 2056 1092 haee

336 1117 496 1160 Livilla
532 1117 599 1160 VI
621 1118 760 1171 8711),
793 1117 977 1159 Neronis
1008 1116 1176 1160 Claudii
1209 1117 1344 1159 Drusi
1377 1123 1419 1159 et
1446 1116 1665 1159 Antoniae
1695 1117 1795 1172 filia,
1829 1124 1930 1160 nata
1959 1125 2057 1174 post

337 1187 654 1240 Germanicum,
678 1192 777 1227 ante
799 1184 1028 1228 Claudium
1059 1186 1103 1238 (i.
1127 1200 1161 1227 e.
1194 1186 1307 1227 inter
1336 1199 1471 1228 annos
1503 1186 1585 1228 740
1607 1192 1649 1228 et
1670 1186 1770 1240 743)
1797 1185 1912 1229 Suet.
1941 1185 2009 1229 Ol.
2030 1189 2056 1227 1

337 1254 572 1307 (Antoniae
602 1253 692 1295 filia
711 1253 799 1295 Dio
818 1256 885 1303 58,
908 1257 972 1303 11,
1006 1254 1254 1297 Germanici
1284 1268 1406 1296 soror
1431 1254 1528 1295 Ταῦ.
1551 1267 1590 1297 α.
1612 1257 1655 1304 2,
1677 1256 1743 1298 84.
1774 1257 1813 1304 4,
1834 1254 1893 1308 3).
1939 1253 2056 1307 Quid

337 1322 593 1364 iudicaverit
623 1321 677 1363 de
707 1321 890 1364 Claudio
929 1322 1064 1363 fratre
1095 1322 1211 1364 Suet.
1244 1321 1399 1364 Claud.
1428 1325 1467 1363 3.
1522 1322 1722 1364 ‘Formae
1752 1323 1873 1365 initio
1905 1323 2056 1364 aetatis

338 1390 587 1443 indecorae,
628 1405 729 1432 mox
767 1389 1088 1446 pulchritudine
1128 1390 1429 1446 praecellebat’
1461 1391 1557 1432 Ταῦ.
1582 1404 1623 1433 α.
1642 1394 1681 1441 4,
1702 1393 1741 1432 3.
1801 1391 1928 1434 Uxor
1956 1390 2057 1432 data

341 1459 387 1501 C.
412 1458 587 1502 Caesari
609 1458 796 1512 Augusti
827 1457 915 1500 filio
942 1458 1040 1500 Ταῦ.
1062 1472 1101 1500 α.
1123 1462 1160 1508 4,
1182 1461 1236 1501 40
1258 1459 1312 1512 ef.
1336 1459 1534 1501 Zonaras
1555 1461 1621 1509 10,
1642 1461 1697 1500 36
1707 1471 1720 1509 ;
1746 1473 1830 1515 quo
1852 1459 2056 1501 defuncto

338 1542 375 1569 a.
407 1542 447 1582 p.
478 1526 578 1570 Chr.
607 1527 634 1568 4
663 1527 809 1582 nupsit
838 1526 983 1568 Druso
1016 1525 1191 1568 Caesari
1222 1526 1288 1568 Ti.
1320 1526 1361 1580 f.‚
1395 1527 1466 1568 cui
1497 1527 1663 1582 peperit
1692 1526 1848 1569 Iuliam
1884 1527 1982 1570 Ταῦ.
2015 1541 2054 1570 α.

338 1599 385 1645 4,
417 1598 470 1636 60
512 1601 555 1636 et
593 1610 630 1638 a.
666 1595 717 1635 19
757 1594 981 1636 Tiberium
1028 1600 1071 1635 et
1112 1593 1420 1637 Germanicum
1463 1593 1668 1649 gemellos
1713 1595 1811 1639 Ταῦ.
1845 1609 1884 1637 α.
1915 1598 1960 1646 2,
1988 1598 2055 1639 84.

337 1663 465 1705 Livia
505 1663 638 1704 Drusi
678 1662 741 1703 vel
779 1662 909 1704 Livia
947 1662 1081 1703 Drusi
1112 1661 1310 1704 Caesaris
1351 1662 1468 1704 titali
1502 1676 1714 1704 servorum
1744 1665 1783 1704 et
1812 1662 2057 1706 libertorwm

336 1730 403 1772 VI
423 1734 543 1773 4349.
575 1733 702 1773 5226.
733 1732 856 1774 8899.
888 1733 1036 1772 19747.
1067 1733 1236 1782 20237;
1279 1730 1446 1773 Notiaie
1475 1733 1585 1773 1890
1608 1745 1657 1784 p.
1687 1733 1728 1774 8.
1787 1730 2001 1788 Corrupta
2031 1747 2057 1773 a

341 1799 496 1841 Seiano
533 1799 629 1840 Ταῦ.
659 1813 697 1840 a.
728 1801 767 1848 4,
798 1801 836 1848 3,
869 1797 957 1839 Dio
982 1801 1050 1848 57,
1082 1802 1146 1841 22
1175 1799 1297 1853 (Zo‘n.
1330 1802 1393 1849 11,
1415 1799 1475 1853 2).
1533 1798 1762 1841 Adulteria
1795 1801 2057 1842 commisisse

339 1867 562 1909 dicebatur
590 1868 717 1908 etiam
746 1880 843 1907 cum
873 1866 1068 1908 Eudemo
1098 1866 1265 1908 medico
1287 1857 1410 1911 Plin.
1432 1867 1472 1910 h.
1493 1881 1534 1909 n.
1556 1870 1626 1918 29,
1648 1871 1707 1911 20
1737 1868 1907 1924 (paullo
1933 1868 2059 1911 aliter

347 1936 444 1978 Tae.
474 1950 513 1977 a.
532 1939 570 1985 4,
592 1935 648 1989 3),
681 1950 777 1976 cum
807 1935 1026 1976 Mamerco
1059 1935 1220 1978 Scauro
1248 1935 1345 1978 Ταῦ.
1369 1950 1409 1978 α.
1430 1939 1467 1986 6,
1489 1939 1560 1978 29.
1615 1936 1657 1979 Α
1688 1937 1844 1980 Seiano
1875 1935 2059 1993 impulsa

342 2004 396 2046 ad
417 2019 564 2046 necem
585 2004 738 2045 marito
761 2003 1009 2044 struendam
1035 2004 1132 2046 Ταῦ.
1156 2018 1195 2047 α.
1217 2007 1255 2054 4,
1276 2007 1315 2045 3.
1337 2007 1402 2054 10,
1433 2003 1522 2046 Dio
1541 2007 1607 2055 57,
1628 2007 1703 2055 22,
1732 2005 1847 2048 Suet.
1874 2004 1965 2047 Tib.
1987 2008 2057 2048 62.

340 2073 525 2128 Nuptias
548 2073 638 2113 eius
663 2071 849 2127 postulat
870 2071 1052 2114 Seianus
1076 2087 1102 2113 a
1122 2071 1296 2114 Tiberio
1319 2071 1393 2114 sed
1414 2072 1576 2115 frustra
1602 2073 1698 2115 Ταῦ.
1721 2087 1761 2117 α.
1782 2077 1821 2124 4,
1841 2076 1908 2118 39.
1955 2074 2058 2115 Post

341 2148 519 2183 mortem
547 2139 692 2183 Seiani
724 2141 778 2193 (a.
802 2141 887 2194 31),
922 2139 1089 2182 insidiis
1111 2155 1218 2196 quas
1240 2147 1460 2183 struxerat
1481 2141 1626 2183 Druso
1657 2140 1896 2198 patefactis,
1929 2142 2056 2184 inter-

339 2209 482 2250 ficitur
511 2208 598 2251 Dio
627 2211 694 2259 58,
726 2211 802 2259 11;
843 2209 896 2261 ef.
928 2208 1144 2262 Anonymi
1183 2208 1362 2251 Octavia
1392 2212 1485 2251 941.
1545 2209 1598 2252 A.
1630 2210 1684 2251 32
1721 2211 1928 2252 memoria
1967 2211 2057 2252 eius

341 2276 542 2318 damnata
567 2277 664 2321 Ταῦ.
687 2291 726 2319 α.
747 2280 784 2327 6,
807 2280 850 2319 2.

257 2358 339 2399 212
369 2357 497 2398 Livia
516 2357 686 2411 Livilla,
710 2356 758 2401 C.
781 2357 810 2399 f.
841 2357 1121 2411 fraq·mentum
1144 2358 1416 2400 Tiburtinum
1435 2358 1560 2400 XIV
1572 2361 1694 2400 3796.
1738 2357 1902 2401 Nomen
1919 2359 2058 2400 ‘neseio

341 2440 442 2467 num
470 2425 626 2467 indicet
653 2426 833 2468 ‘nobilem
863 2427 1077 2479 feminam.

257 2505 339 2547 213
369 2511 509 2546 LIVIA
537 2511 849 2547 MEDVLLINA.
906 2505 1071 2547 Titulus
1100 2505 1282 2558 fortasse
1312 2505 1561 2559 sepulcralis
1588 2505 1637 2548 X
1652 2508 1770 2550 6561.
1819 2505 2058 2548 Medullina

344 2572 514 2614 Camilli
535 2573 563 2614 f.
588 2574 664 2622 tit„
687 2574 816 2615 Livia
836 2573 1074 2615 Medullina
1096 2575 1163 2615 cui
1186 2579 1227 2615 et
1248 2586 1486 2628 cognomen
1500 2572 1708 2617 Camillae
1730 2580 1833 2628 erat,
1857 2588 1879 2616 e
1899 2588 2058 2630 genere

341 2642 517 2696 antiquo
550 2641 770 2683 dictatoris
802 2641 970 2684 Camilli
1005 2642 1119 2684 Suet.
1154 2641 1308 2684 Claud.
1340 2645 1410 2686 26.
1471 2642 1594 2684 Filia
1621 2643 1803 2696 fortasse
1833 2643 1898 2686 M.
1930 2642 2060 2685 Fam·

345 2708 519 2751 Camilli
556 2723 635 2753 eos.
675 2724 714 2751 a.
745 2725 793 2764 p.
826 2710 871 2753 C.
903 2712 930 2751 8
970 2709 1117 2763 (supra
1156 2710 1203 2751 F
1226 2712 1325 2766 400)
1369 2711 1422 2763 ef.
1454 2710 1663 2764 Boryhesz'
1698 2725 1789 2765 opp.
1819 2713 1846 2754 5
1875 2726 1924 2765 p.
1952 2714 2060 2762 244;

345 2777 580 2819 Mommsen
619 2778 765 2819 Herm.
795 2782 822 2820 3
853 2793 900 2832 p.
932 2782 1010 2820 134
1043 2782 1128 2820 aot.
1159 2782 1197 2820 6.
1267 2778 1333 2820 Ti.
1371 2778 1551 2820 Claudii·
1585 2778 1769 2820 Neronis
1809 2779 2056 2822 Germanici

343 2845 450 2898 (nati
474 2861 512 2887 a.
534 2861 574 2888 u.
595 2861 629 2887 c.
654 2846 753 2899 744)
785 2861 941 2902 sponsa
962 2847 1050 2897 tit,
1078 2846 1193 2889 Suet.
1217 2846 1243 2888 l.
1265 2860 1297 2888 ῦ.
1353 2846 1573 2888 Defuncta
1603 2861 1658 2888 ex
1686 2846 1937 2889 valetudine
1966 2848 2057 2904 ipso

343 2913 412 2954 die
433 2914 507 2969 qui
534 2920 627 2955 erat
646 2902 807 2969 nuptiis
829 2914 1067 2956 destinatus
1085 2915 1199 2957 Suet.
1218 2914 1244 2955 l.
1268 2928 1301 2956 ῦ.
1320 2940 1371 2945 -—
1394 2913 1643 2968 Medullina,
1666 2914 1820 2957 mulier
1840 2915 2059 2972 impudica

341 2981 556 3023 Iuvenalis
575 2985 656 3022 sat.
679 2984 716 3031 6,
737 2984 827 3024 322
851 2982 921 3023 vix
943 2982 991 3023 de
1010 2981 1090 3023 hae
1112 2983 1310 3036 eoyitans,
1339 2982 1434 3024 lieet
1463 2981 1685 3025 adnotetur
1712 2983 1760 3025 in
1788 2982 1957 3026 scholiis
1980 2983 2057 3025 sub

344 3050 594 3091 auctoritate
624 3048 771 3099 Probi,
801 3051 1039 3104 siymlfieaw'
1067 3050 1135 3092 hie
1163 3064 1335 3092 uxorem
1363 3049 1564 3101 Claudii;
1594 3051 1648 3103 ef.
1680 3050 1930 3094 Medullina.

258 3129 343 3171 214
371 3135 509 3170 LIVIA
540 3134 793 3170 OGELLINA
825 3128 937 3183 (filia
962 3130 1141 3183 fortasse
1161 3130 1211 3174 L.
1234 3130 1353 3172 Livio?
1380 3130 1545 3173 Ocellae
1572 3145 1614 3172 w.
1636 3130 1752 3185 208),
1784 3146 1895 3173 uxor
1924 3130 2060 3174 altera

345 3196 435 3240 Ser.
470 3196 648 3253 Sulpicii
691 3197 857 3240 Galbae
896 3197 1081 3240 consulis
1122 3213 1160 3240 a.
1191 3198 1294 3252 749,
1338 3198 1459 3240 dives
1499 3198 1732 3241 admodum
1772 3205 1815 3240 et
1853 3198 2058 3256 pulchra3

342 3264 566 3321 adoptavit
594 3266 844 3322 privignum
875 3281 1002 3308 suum
1029 3266 1240 3318 Servium,
1274 3281 1370 3308 eum
1400 3268 1475 3323 qui
1506 3274 1654 3323 postea
1684 3267 1912 3323 imperavit
1942 3267 2056 3311 Suet.

347 3332 474 3375 Galb.
493 3336 532 3376 3.
553 3337 592 3376 4.
