<?xml version="1.0" encoding="UTF-8"?>
<!DOCTYPE html PUBLIC "-//W3C//DTD XHTML 1.0 Transitional//EN"
    "http://www.w3.org/TR/xhtml1/DTD/xhtml1-transitional.dtd">
<html xmlns="http://www.w3.org/1999/xhtml" xml:lang="en" lang="en">
 <head>
  <title>
</title>
<meta http-equiv="Content-Type" content="text/html;charset=utf-8" />
  <meta name='ocr-system' content='tesseract 3.04.00' />
  <meta name='ocr-capabilities' content='ocr_page ocr_carea ocr_par ocr_line ocrx_word'/>
</head>
<body>
  <div class='ocr_page' id='page_1' title='image "./prosopographiaim02akaduoft_0220.png"; bbox 0 0 2202 3724; ppageno 0'>
   <div class='ocr_carea' id='block_1_1' title="bbox 238 276 2038 325">
    <p class='ocr_par' dir='ltr' id='par_1_1' title="bbox 238 276 2038 325">
     <span class='ocr_line' id='line_1_1' title="bbox 238 276 2038 325; baseline -0.004 -1"><span class='ocrx_word' id='word_1_1' title='bbox 238 288 402 325; x_wconf 86' lang='lat' dir='ltr'>IVLIVS</span> <span class='ocrx_word' id='word_1_2' title='bbox 1098 276 1180 319; x_wconf 82' lang='lat'>208</span> <span class='ocrx_word' id='word_1_3' title='bbox 1874 282 2038 318; x_wconf 90' lang='lat' dir='ltr'>IVLIVS</span> 
     </span>
    </p>
   </div>
   <div class='ocr_carea' id='block_1_2' title="bbox 263 341 1883 356">
    <p class='ocr_par' dir='ltr' id='par_1_2' title="bbox 263 341 1883 356">
     <span class='ocr_line' id='line_1_2' title="bbox 263 341 1883 356; baseline 0 0"><span class='ocrx_word' id='word_1_4' title='bbox 263 341 1883 356; x_wconf 95' lang='lat' dir='ltr'> </span> 
     </span>
    </p>
   </div>
   <div class='ocr_carea' id='block_1_3' title="bbox 242 409 2050 1150">
    <p class='ocr_par' dir='ltr' id='par_1_3' title="bbox 325 409 2044 741">
     <span class='ocr_line' id='line_1_3' title="bbox 327 409 2041 470; baseline -0.004 -10"><span class='ocrx_word' id='word_1_5' title='bbox 327 418 538 460; x_wconf 83' lang='lat' dir='ltr'>Caesarea</span> <span class='ocrx_word' id='word_1_6' title='bbox 559 414 848 470; x_wconf 76' lang='lat' dir='ltr'>Phoeniciae),</span> <span class='ocrx_word' id='word_1_7' title='bbox 880 411 1071 454; x_wconf 90' lang='lat' dir='ltr'>adlectus</span> <span class='ocrx_word' id='word_1_8' title='bbox 1102 413 1147 453; x_wconf 89' lang='lat' dir='ltr'>in</span> <span class='ocrx_word' id='word_1_9' title='bbox 1178 411 1376 453; x_wconf 87' lang='lat' dir='ltr'>decurias</span> <span class='ocrx_word' id='word_1_10' title='bbox 1406 411 1461 453; x_wconf 90' lang='lat' dir='ltr'>ab</span> <span class='ocrx_word' id='word_1_11' title='bbox 1491 411 1591 467; x_wconf 89' lang='lat' dir='ltr'><strong>imp.</strong></span> <span class='ocrx_word' id='word_1_12' title='bbox 1614 409 1834 453; x_wconf 82' lang='lat' dir='ltr'>Antonino</span> <span class='ocrx_word' id='word_1_13' title='bbox 1864 417 1906 453; x_wconf 88' lang='lat' dir='ltr'>et</span> <span class='ocrx_word' id='word_1_14' title='bbox 1926 411 2041 454; x_wconf 90' lang='lat' dir='ltr'>Vero</span> 
     </span>
     <span class='ocr_line' id='line_1_4' title="bbox 325 478 2044 539; baseline -0.004 -11"><span class='ocrx_word' id='word_1_15' title='bbox 325 485 550 539; x_wconf 82' lang='lat' dir='ltr'>Augustis,</span> <span class='ocrx_word' id='word_1_16' title='bbox 584 482 756 524; x_wconf 91' lang='lat' dir='ltr'>adiutor</span> <span class='ocrx_word' id='word_1_17' title='bbox 786 480 906 537; x_wconf 89' lang='lat' dir='ltr'>Ulpii</span> <span class='ocrx_word' id='word_1_18' title='bbox 936 480 1158 523; x_wconf 83' lang='lat' dir='ltr'>Saturnini</span> <span class='ocrx_word' id='word_1_19' title='bbox 1188 479 1394 535; x_wconf 86' lang='lat' dir='ltr'>praefecti</span> <span class='ocrx_word' id='word_1_20' title='bbox 1425 494 1621 520; x_wconf 89' lang='lat' dir='ltr'>annonae</span> <span class='ocrx_word' id='word_1_21' title='bbox 1650 478 1704 521; x_wconf 86' lang='lat' dir='ltr'>ad</span> <span class='ocrx_word' id='word_1_22' title='bbox 1726 478 1867 521; x_wconf 90' lang='lat' dir='ltr'>oleum</span> <span class='ocrx_word' id='word_1_23' title='bbox 1887 479 2044 522; x_wconf 90' lang='lat' dir='ltr'>Afrum</span> 
     </span>
     <span class='ocr_line' id='line_1_5' title="bbox 327 546 2043 607; baseline -0.002 -13"><span class='ocrx_word' id='word_1_24' title='bbox 327 560 369 595; x_wconf 87' lang='lat' dir='ltr'>ct</span> <span class='ocrx_word' id='word_1_25' title='bbox 393 553 636 607; x_wconf 91' lang='lat' dir='ltr'>Hispanum</span> <span class='ocrx_word' id='word_1_26' title='bbox 667 548 989 603; x_wconf 91' lang='lat' dir='ltr'>recensendum,</span> <span class='ocrx_word' id='word_1_27' title='bbox 1023 549 1125 590; x_wconf 89' lang='lat' dir='ltr'>item</span> <span class='ocrx_word' id='word_1_28' title='bbox 1157 546 1364 589; x_wconf 88' lang='lat' dir='ltr'>solamina</span> <span class='ocrx_word' id='word_1_29' title='bbox 1393 546 1690 589; x_wconf 87' lang='lat' dir='ltr'>transferenda</span> <span class='ocrx_word' id='word_1_30' title='bbox 1721 548 1823 589; x_wconf 87' lang='lat' dir='ltr'>item</span> <span class='ocrx_word' id='word_1_31' title='bbox 1843 554 2043 590; x_wconf 78' lang='lat' dir='ltr'>vecturas</span> 
     </span>
     <span class='ocr_line' id='line_1_6' title="bbox 325 614 2044 673; baseline -0.002 -11"><span class='ocrx_word' id='word_1_32' title='bbox 325 619 604 662; x_wconf 79' lang='lat' dir='ltr'>naviculariis</span> <span class='ocrx_word' id='word_1_33' title='bbox 638 617 945 670; x_wconf 79' lang='lat' dir='ltr'>exsolvendas3</span> <span class='ocrx_word' id='word_1_34' title='bbox 986 622 1241 673; x_wconf 85' lang='lat' dir='ltr'>procurator</span> <span class='ocrx_word' id='word_1_35' title='bbox 1272 614 1569 669; x_wconf 90' lang='lat' dir='ltr'>Augustorum</span> <span class='ocrx_word' id='word_1_36' title='bbox 1601 615 1785 657; x_wconf 91' lang='lat' dir='ltr'>duorum</span> <span class='ocrx_word' id='word_1_37' title='bbox 1815 615 1871 658; x_wconf 85' lang='lat' dir='ltr'>ad</span> <span class='ocrx_word' id='word_1_38' title='bbox 1906 617 2044 672; x_wconf 86' lang='lat' dir='ltr'>ripam</span> 
     </span>
     <span class='ocr_line' id='line_1_7' title="bbox 326 685 1062 741; baseline -0.005 -11"><span class='ocrx_word' id='word_1_39' title='bbox 326 689 471 731; x_wconf 85' lang='lat' dir='ltr'>Baetis</span> <span class='ocrx_word' id='word_1_40' title='bbox 503 691 531 729; x_wconf 85' lang='lat' dir='ltr'>t.</span> <span class='ocrx_word' id='word_1_41' title='bbox 562 686 832 741; x_wconf 71' lang='lat' dir='ltr'>Hispalensis</span> <span class='ocrx_word' id='word_1_42' title='bbox 861 685 922 727; x_wconf 82' lang='lat' dir='ltr'><em>H</em></span> <span class='ocrx_word' id='word_1_43' title='bbox 941 687 1062 727; x_wconf 87' lang='grc'><em>1180.</em></span> 
     </span>
    </p>

    <p class='ocr_par' dir='ltr' id='par_1_4' title="bbox 242 752 2047 934">
     <span class='ocr_line' id='line_1_8' title="bbox 242 752 2047 809; baseline -0.003 -9"><span class='ocrx_word' id='word_1_44' title='bbox 242 759 323 800; x_wconf 84' lang='grc'>325</span> <span class='ocrx_word' id='word_1_45' title='bbox 355 762 520 798; x_wconf 87' lang='lat' dir='ltr'><strong>IVLIVS</strong></span> <span class='ocrx_word' id='word_1_46' title='bbox 563 761 847 808; x_wconf 86' lang='lat' dir='ltr'>POSTVMVS,</span> <span class='ocrx_word' id='word_1_47' title='bbox 895 754 969 809; x_wconf 93' lang='lat' dir='ltr'>qui</span> <span class='ocrx_word' id='word_1_48' title='bbox 1006 752 1169 796; x_wconf 80' lang='lat' dir='ltr'>Gallias</span> <span class='ocrx_word' id='word_1_49' title='bbox 1208 752 1322 794; x_wconf 85' lang='lat' dir='ltr'>rexit</span> <span class='ocrx_word' id='word_1_50' title='bbox 1360 758 1459 794; x_wconf 90' lang='lat' dir='ltr'>ante</span> <span class='ocrx_word' id='word_1_51' title='bbox 1499 752 1771 794; x_wconf 84' lang='lat' dir='ltr'>Victorinum</span> <span class='ocrx_word' id='word_1_52' title='bbox 1817 752 2047 795; x_wconf 75' lang='lat' dir='ltr'>Trebellius</span> 
     </span>
     <span class='ocr_line' id='line_1_9' title="bbox 326 821 2045 878; baseline -0.003 -12"><span class='ocrx_word' id='word_1_53' title='bbox 326 824 465 866; x_wconf 67' lang='lat' dir='ltr'>Pollio</span> <span class='ocrx_word' id='word_1_54' title='bbox 496 824 591 878; x_wconf 69' lang='lat' dir='ltr'>triy.</span> <span class='ocrx_word' id='word_1_55' title='bbox 625 826 702 877; x_wconf 73' lang='lat' dir='ltr'>tyr.</span> <span class='ocrx_word' id='word_1_56' title='bbox 739 825 776 873; x_wconf 88' lang='lat'>6,</span> <span class='ocrx_word' id='word_1_57' title='bbox 809 825 846 864; x_wconf 83' lang='lat'>6.</span> <span class='ocrx_word' id='word_1_58' title='bbox 915 821 1016 863; x_wconf 73' lang='lat' dir='ltr'>Vide</span> <span class='ocrx_word' id='word_1_59' title='bbox 1046 828 1147 863; x_wconf 88' lang='lat' dir='ltr'><strong><em>IMP.</em></strong></span> <span class='ocrx_word' id='word_1_60' title='bbox 1182 826 1377 861; x_wconf 81' lang='lat' dir='ltr'><strong>CAESAR</strong></span> <span class='ocrx_word' id='word_1_61' title='bbox 1406 826 1458 862; x_wconf 87' lang='lat' dir='ltr'>M.</span> <span class='ocrx_word' id='word_1_62' title='bbox 1491 826 1779 862; x_wconf 80' lang='lat' dir='ltr'>CAss1AN1vs</span> <span class='ocrx_word' id='word_1_63' title='bbox 1810 826 2045 862; x_wconf 84' lang='lat' dir='ltr'><strong>LATINIVS</strong></span> 
     </span>
     <span class='ocr_line' id='line_1_10' title="bbox 329 888 1956 934; baseline -0.004 0"><span class='ocrx_word' id='word_1_64' title='bbox 329 897 585 934; x_wconf 85' lang='lat' dir='ltr'>POSTVMVS</span> <span class='ocrx_word' id='word_1_65' title='bbox 616 896 731 932; x_wconf 84' lang='lat' dir='ltr'>AVG.</span> <span class='ocrx_word' id='word_1_66' title='bbox 1952 888 1956 895; x_wconf 49' lang='lat'><strong>⁹</strong></span> 
     </span>
    </p>

    <p class='ocr_par' dir='ltr' id='par_1_5' title="bbox 242 956 2050 1150">
     <span class='ocr_line' id='line_1_11' title="bbox 242 956 2048 1010; baseline -0.002 -7"><span class='ocrx_word' id='word_1_67' title='bbox 242 962 325 1003; x_wconf 82' lang='lat'>326</span> <span class='ocrx_word' id='word_1_68' title='bbox 355 959 491 1002; x_wconf 90' lang='lat' dir='ltr'>Iulius</span> <span class='ocrx_word' id='word_1_69' title='bbox 511 960 757 1010; x_wconf 81' lang='lat' dir='ltr'>Postumus,</span> <span class='ocrx_word' id='word_1_70' title='bbox 789 958 958 1001; x_wconf 84' lang='lat' dir='ltr'>adulter</span> <span class='ocrx_word' id='word_1_71' title='bbox 984 956 1180 1000; x_wconf 83' lang='lat' dir='ltr'>Mutiliae</span> <span class='ocrx_word' id='word_1_72' title='bbox 1200 957 1397 998; x_wconf 80' lang='lat' dir='ltr'>Priscae:</span> <span class='ocrx_word' id='word_1_73' title='bbox 1421 971 1470 998; x_wconf 89' lang='lat' dir='ltr'>eo</span> <span class='ocrx_word' id='word_1_74' title='bbox 1492 957 1689 999; x_wconf 89' lang='lat' dir='ltr'>adiutore</span> <span class='ocrx_word' id='word_1_75' title='bbox 1710 959 1846 999; x_wconf 88' lang='lat' dir='ltr'>utitur</span> <span class='ocrx_word' id='word_1_76' title='bbox 1867 957 2048 1000; x_wconf 89' lang='lat' dir='ltr'>Seianus</span> 
     </span>
     <span class='ocr_line' id='line_1_12' title="bbox 327 1025 2050 1082; baseline -0.002 -11"><span class='ocrx_word' id='word_1_77' title='bbox 327 1029 382 1071; x_wconf 87' lang='lat' dir='ltr'>ad</span> <span class='ocrx_word' id='word_1_78' title='bbox 412 1027 832 1070; x_wconf 80' lang='lat' dir='ltr'>circumveniendam</span> <span class='ocrx_word' id='word_1_79' title='bbox 852 1027 1138 1082; x_wconf 82' lang='lat' dir='ltr'>Agrippinam</span> <span class='ocrx_word' id='word_1_80' title='bbox 1166 1026 1262 1069; x_wconf 85' lang='lat' dir='ltr'>Tae.</span> <span class='ocrx_word' id='word_1_81' title='bbox 1286 1039 1324 1069; x_wconf 88' lang='lat' dir='ltr'>a.</span> <span class='ocrx_word' id='word_1_82' title='bbox 1346 1029 1384 1076; x_wconf 93' lang='grc'>4,</span> <span class='ocrx_word' id='word_1_83' title='bbox 1407 1029 1475 1068; x_wconf 95' lang='grc'>12.</span> <span class='ocrx_word' id='word_1_84' title='bbox 1517 1025 1720 1068; x_wconf 76' lang='lat' dir='ltr'>Fortasse</span> <span class='ocrx_word' id='word_1_85' title='bbox 1750 1039 1832 1067; x_wconf 89' lang='lat' dir='ltr'>non</span> <span class='ocrx_word' id='word_1_86' title='bbox 1865 1025 2050 1068; x_wconf 83' lang='lat' dir='ltr'>diversus</span> 
     </span>
     <span class='ocr_line' id='line_1_13' title="bbox 330 1096 788 1150; baseline -0.004 -11"><span class='ocrx_word' id='word_1_87' title='bbox 330 1097 382 1139; x_wconf 86' lang='lat' dir='ltr'>ab</span> <span class='ocrx_word' id='word_1_88' title='bbox 414 1111 459 1139; x_wconf 91' lang='lat' dir='ltr'>eo</span> <span class='ocrx_word' id='word_1_89' title='bbox 490 1097 563 1150; x_wconf 76' lang='lat' dir='ltr'>qui</span> <span class='ocrx_word' id='word_1_90' title='bbox 589 1096 788 1150; x_wconf 80' lang='lat' dir='ltr'>sequitur.</span> 
     </span>
    </p>
   </div>
   <div class='ocr_carea' id='block_1_4' title="bbox 244 1166 2059 2455">
    <p class='ocr_par' dir='ltr' id='par_1_6' title="bbox 244 1166 2053 1486">
     <span class='ocr_line' id='line_1_14' title="bbox 244 1166 2048 1225; baseline -0.003 -11"><span class='ocrx_word' id='word_1_91' title='bbox 244 1172 325 1215; x_wconf 84' lang='lat'>327</span> <span class='ocrx_word' id='word_1_92' title='bbox 359 1170 406 1213; x_wconf 82' lang='lat' dir='ltr'>O.</span> <span class='ocrx_word' id='word_1_93' title='bbox 435 1169 571 1212; x_wconf 89' lang='lat' dir='ltr'>Iulius</span> <span class='ocrx_word' id='word_1_94' title='bbox 605 1170 832 1211; x_wconf 88' lang='lat' dir='ltr'>Postumus</span> <span class='ocrx_word' id='word_1_95' title='bbox 864 1169 940 1224; x_wconf 86' lang='lat' dir='ltr'>(sie</span> <span class='ocrx_word' id='word_1_96' title='bbox 972 1169 1039 1211; x_wconf 86' lang='lat' dir='ltr'>VI</span> <span class='ocrx_word' id='word_1_97' title='bbox 1062 1171 1164 1219; x_wconf 95' lang='grc'>918,</span> <span class='ocrx_word' id='word_1_98' title='bbox 1204 1168 1434 1225; x_wconf 84' lang='grc' dir='ltr'>Πόστουμος</span> <span class='ocrx_word' id='word_1_99' title='bbox 1461 1167 1609 1211; x_wconf 74' lang='lat' dir='ltr'>CIGr.</span> <span class='ocrx_word' id='word_1_100' title='bbox 1635 1166 1759 1222; x_wconf 67' lang='lat'><em>4957)</em></span> <span class='ocrx_word' id='word_1_101' title='bbox 1792 1167 1892 1210; x_wconf 82' lang='lat' dir='ltr'>Sex.</span> <span class='ocrx_word' id='word_1_102' title='bbox 1922 1167 2048 1222; x_wconf 86' lang='lat' dir='ltr'>filius,</span> 
     </span>
     <span class='ocr_line' id='line_1_15' title="bbox 329 1235 2049 1294; baseline -0.001 -13"><span class='ocrx_word' id='word_1_103' title='bbox 329 1239 446 1281; x_wconf 89' lang='lat' dir='ltr'>tribu</span> <span class='ocrx_word' id='word_1_104' title='bbox 485 1238 601 1292; x_wconf 64' lang='lat' dir='ltr'>Cor„</span> <span class='ocrx_word' id='word_1_105' title='bbox 646 1237 891 1294; x_wconf 84' lang='lat' dir='ltr'>praefectus</span> <span class='ocrx_word' id='word_1_106' title='bbox 930 1237 1121 1293; x_wconf 79' lang='lat' dir='ltr'>Aegypti</span> <span class='ocrx_word' id='word_1_107' title='bbox 1161 1252 1198 1280; x_wconf 89' lang='lat' dir='ltr'>a.</span> <span class='ocrx_word' id='word_1_108' title='bbox 1227 1237 1281 1279; x_wconf 83' lang='lat'>47</span> <span class='ocrx_word' id='word_1_109' title='bbox 1324 1236 1393 1279; x_wconf 85' lang='lat' dir='ltr'>VI</span> <span class='ocrx_word' id='word_1_110' title='bbox 1417 1239 1498 1279; x_wconf 94' lang='grc'>918</span> <span class='ocrx_word' id='word_1_111' title='bbox 1537 1237 1591 1290; x_wconf 83' lang='lat' dir='ltr'>ef.</span> <span class='ocrx_word' id='word_1_112' title='bbox 1635 1235 1782 1279; x_wconf 74' lang='lat' dir='ltr'>CIGr.</span> <span class='ocrx_word' id='word_1_113' title='bbox 1817 1238 1939 1287; x_wconf 83' lang='grc'><em>4957,</em></span> <span class='ocrx_word' id='word_1_114' title='bbox 1978 1239 2049 1280; x_wconf 89' lang='grc'>27.</span> 
     </span>
     <span class='ocr_line' id='line_1_16' title="bbox 328 1304 2053 1360; baseline -0.002 -11"><span class='ocrx_word' id='word_1_115' title='bbox 328 1307 471 1350; x_wconf 86' lang='lat' dir='ltr'>Huius</span> <span class='ocrx_word' id='word_1_116' title='bbox 501 1307 681 1360; x_wconf 80' lang='lat' dir='ltr'>fortasse</span> <span class='ocrx_word' id='word_1_117' title='bbox 711 1319 875 1348; x_wconf 76' lang='lat' dir='ltr'>servus:</span> <span class='ocrx_word' id='word_1_118' title='bbox 904 1305 995 1347; x_wconf 89' lang='lat' dir='ltr'>Ilus</span> <span class='ocrx_word' id='word_1_119' title='bbox 1026 1304 1074 1348; x_wconf 84' lang='lat' dir='ltr'>O.</span> <span class='ocrx_word' id='word_1_120' title='bbox 1096 1304 1179 1347; x_wconf 92' lang='lat' dir='ltr'>Iuli</span> <span class='ocrx_word' id='word_1_121' title='bbox 1205 1305 1399 1347; x_wconf 87' lang='lat' dir='ltr'>Postumi</span> <span class='ocrx_word' id='word_1_122' title='bbox 1429 1305 1629 1347; x_wconf 88' lang='lat' dir='ltr'>librarius</span> <span class='ocrx_word' id='word_1_123' title='bbox 1662 1304 1730 1347; x_wconf 89' lang='lat' dir='ltr'>VI</span> <span class='ocrx_word' id='word_1_124' title='bbox 1747 1307 1855 1347; x_wconf 86' lang='grc'><em>9518</em></span> <span class='ocrx_word' id='word_1_125' title='bbox 1864 1317 1877 1356; x_wconf 88' lang='grc'>,·</span> <span class='ocrx_word' id='word_1_126' title='bbox 1911 1304 2053 1347; x_wconf 83' lang='lat' dir='ltr'>liberti</span> 
     </span>
     <span class='ocr_line' id='line_1_17' title="bbox 342 1371 2051 1426; baseline -0.002 -8"><span class='ocrx_word' id='word_1_127' title='bbox 342 1375 410 1418; x_wconf 91' lang='lat' dir='ltr'>VI</span> <span class='ocrx_word' id='word_1_128' title='bbox 422 1377 571 1417; x_wconf 84' lang='lat'><strong><em>19969.</em></strong></span> <span class='ocrx_word' id='word_1_129' title='bbox 613 1374 681 1417; x_wconf 90' lang='lat' dir='ltr'>VI</span> <span class='ocrx_word' id='word_1_130' title='bbox 697 1377 850 1418; x_wconf 91' lang='grc'><em>20168.</em></span> <span class='ocrx_word' id='word_1_131' title='bbox 892 1374 960 1416; x_wconf 92' lang='lat' dir='ltr'>VI</span> <span class='ocrx_word' id='word_1_132' title='bbox 973 1376 1125 1417; x_wconf 90' lang='grc'><em>20189.</em></span> <span class='ocrx_word' id='word_1_133' title='bbox 1175 1372 1381 1415; x_wconf 77' lang='lat' dir='ltr'>Diversus</span> <span class='ocrx_word' id='word_1_134' title='bbox 1401 1372 1448 1416; x_wconf 83' lang='lat' dir='ltr'>O.</span> <span class='ocrx_word' id='word_1_135' title='bbox 1472 1372 1609 1415; x_wconf 90' lang='lat' dir='ltr'>Iulius</span> <span class='ocrx_word' id='word_1_136' title='bbox 1632 1374 1862 1415; x_wconf 85' lang='lat' dir='ltr'>Postumus</span> <span class='ocrx_word' id='word_1_137' title='bbox 1884 1372 1983 1418; x_wconf 79' lang='lat' dir='ltr'>Sex.</span> <span class='ocrx_word' id='word_1_138' title='bbox 2006 1371 2051 1426; x_wconf 90' lang='lat' dir='ltr'>f.‚</span> 
     </span>
     <span class='ocr_line' id='line_1_18' title="bbox 330 1442 847 1486; baseline -0.004 0"><span class='ocrx_word' id='word_1_139' title='bbox 330 1443 447 1486; x_wconf 91' lang='lat' dir='ltr'>tribu</span> <span class='ocrx_word' id='word_1_140' title='bbox 478 1442 574 1485; x_wconf 85' lang='lat' dir='ltr'>Cor.</span> <span class='ocrx_word' id='word_1_141' title='bbox 611 1442 679 1485; x_wconf 87' lang='lat' dir='ltr'>VI</span> <span class='ocrx_word' id='word_1_142' title='bbox 691 1446 847 1486; x_wconf 83' lang='grc'><em>20217.</em></span> 
     </span>
    </p>

    <p class='ocr_par' dir='ltr' id='par_1_7' title="bbox 247 1508 2054 1766">
     <span class='ocr_line' id='line_1_19' title="bbox 247 1508 2054 1566; baseline -0.003 -11"><span class='ocrx_word' id='word_1_143' title='bbox 247 1512 330 1555; x_wconf 84' lang='grc'>328</span> <span class='ocrx_word' id='word_1_144' title='bbox 361 1511 496 1554; x_wconf 89' lang='lat' dir='ltr'>Iulius</span> <span class='ocrx_word' id='word_1_145' title='bbox 535 1512 730 1566; x_wconf 82' lang='lat' dir='ltr'>Priscus,</span> <span class='ocrx_word' id='word_1_146' title='bbox 774 1511 989 1565; x_wconf 89' lang='lat' dir='ltr'>centurio,</span> <span class='ocrx_word' id='word_1_147' title='bbox 1037 1525 1062 1552; x_wconf 88' lang='lat' dir='ltr'>a</span> <span class='ocrx_word' id='word_1_148' title='bbox 1095 1509 1271 1552; x_wconf 91' lang='lat' dir='ltr'>Vitellio</span> <span class='ocrx_word' id='word_1_149' title='bbox 1312 1510 1594 1566; x_wconf 87' lang='lat' dir='ltr'>praetorianis</span> <span class='ocrx_word' id='word_1_150' title='bbox 1640 1508 1887 1552; x_wconf 89' lang='lat' dir='ltr'>cohortibus</span> <span class='ocrx_word' id='word_1_151' title='bbox 1931 1524 2054 1565; x_wconf 88' lang='lat' dir='ltr'>prae-</span> 
     </span>
     <span class='ocr_line' id='line_1_20' title="bbox 331 1576 2053 1636; baseline -0.002 -14"><span class='ocrx_word' id='word_1_152' title='bbox 331 1581 495 1636; x_wconf 90' lang='lat' dir='ltr'>positus</span> <span class='ocrx_word' id='word_1_153' title='bbox 521 1579 619 1621; x_wconf 79' lang='lat' dir='ltr'>Tac.</span> <span class='ocrx_word' id='word_1_154' title='bbox 652 1579 692 1621; x_wconf 75' lang='lat' dir='ltr'>h.</span> <span class='ocrx_word' id='word_1_155' title='bbox 723 1583 766 1630; x_wconf 92' lang='grc'>2,</span> <span class='ocrx_word' id='word_1_156' title='bbox 790 1582 859 1622; x_wconf 87' lang='grc'>92.</span> <span class='ocrx_word' id='word_1_157' title='bbox 918 1579 1024 1620; x_wconf 91' lang='lat' dir='ltr'>Post</span> <span class='ocrx_word' id='word_1_158' title='bbox 1052 1592 1241 1634; x_wconf 87' lang='lat' dir='ltr'>pugnam</span> <span class='ocrx_word' id='word_1_159' title='bbox 1273 1578 1606 1621; x_wconf 82' lang='lat' dir='ltr'>Cremonensem</span> <span class='ocrx_word' id='word_1_160' title='bbox 1635 1578 1793 1619; x_wconf 87' lang='lat' dir='ltr'>missus</span> <span class='ocrx_word' id='word_1_161' title='bbox 1822 1593 1849 1619; x_wconf 92' lang='lat' dir='ltr'>a</span> <span class='ocrx_word' id='word_1_162' title='bbox 1877 1576 2053 1620; x_wconf 90' lang='lat' dir='ltr'>Vitellio</span> 
     </span>
     <span class='ocr_line' id='line_1_21' title="bbox 333 1645 2054 1703; baseline -0.001 -13"><span class='ocrx_word' id='word_1_163' title='bbox 333 1648 387 1690; x_wconf 87' lang='lat' dir='ltr'>ad</span> <span class='ocrx_word' id='word_1_164' title='bbox 416 1647 701 1690; x_wconf 91' lang='lat' dir='ltr'>obsidendum</span> <span class='ocrx_word' id='word_1_165' title='bbox 724 1646 1032 1703; x_wconf 90' lang='lat' dir='ltr'>Appenninum</span> <span class='ocrx_word' id='word_1_166' title='bbox 1060 1647 1116 1688; x_wconf 86' lang='lat' dir='ltr'>ib.</span> <span class='ocrx_word' id='word_1_167' title='bbox 1138 1649 1176 1697; x_wconf 80' lang='lat'>3,</span> <span class='ocrx_word' id='word_1_168' title='bbox 1197 1649 1263 1689; x_wconf 87' lang='lat'>55.</span> <span class='ocrx_word' id='word_1_169' title='bbox 1311 1647 1490 1688; x_wconf 85' lang='lat' dir='ltr'>Romam</span> <span class='ocrx_word' id='word_1_170' title='bbox 1522 1645 1634 1688; x_wconf 89' lang='lat' dir='ltr'>redit</span> <span class='ocrx_word' id='word_1_171' title='bbox 1664 1660 1697 1688; x_wconf 86' lang='lat' dir='ltr'>e.</span> <span class='ocrx_word' id='word_1_172' title='bbox 1718 1649 1783 1690; x_wconf 91' lang='grc'>61.</span> <span class='ocrx_word' id='word_1_173' title='bbox 1830 1645 1886 1688; x_wconf 85' lang='lat' dir='ltr'>Se</span> <span class='ocrx_word' id='word_1_174' title='bbox 1914 1646 2054 1702; x_wconf 84' lang='lat' dir='ltr'>ipsum</span> 
     </span>
     <span class='ocr_line' id='line_1_22' title="bbox 334 1716 693 1766; baseline 0.003 -9"><span class='ocrx_word' id='word_1_175' title='bbox 334 1716 536 1758; x_wconf 88' lang='lat' dir='ltr'>interficit</span> <span class='ocrx_word' id='word_1_176' title='bbox 565 1720 604 1766; x_wconf 90' lang='grc'>4,</span> <span class='ocrx_word' id='word_1_177' title='bbox 631 1719 693 1759; x_wconf 91' lang='grc'>11.</span> 
     </span>
    </p>

    <p class='ocr_par' dir='ltr' id='par_1_8' title="bbox 249 1781 2059 2248">
     <span class='ocr_line' id='line_1_23' title="bbox 249 1781 2055 1840; baseline -0.002 -13"><span class='ocrx_word' id='word_1_178' title='bbox 249 1786 332 1828; x_wconf 87' lang='grc'>329</span> <span class='ocrx_word' id='word_1_179' title='bbox 364 1784 537 1837; x_wconf 91' lang='lat' dir='ltr'>(Iulius)</span> <span class='ocrx_word' id='word_1_180' title='bbox 570 1784 766 1838; x_wconf 79' lang='lat' dir='ltr'>Priscus,</span> <span class='ocrx_word' id='word_1_181' title='bbox 799 1783 933 1826; x_wconf 89' lang='lat' dir='ltr'>frater</span> <span class='ocrx_word' id='word_1_182' title='bbox 963 1784 1233 1840; x_wconf 89' lang='lat' dir='ltr'>imperatoris</span> <span class='ocrx_word' id='word_1_183' title='bbox 1263 1783 1322 1827; x_wconf 91' lang='lat' dir='ltr'>M.</span> <span class='ocrx_word' id='word_1_184' title='bbox 1351 1783 1452 1825; x_wconf 91' lang='lat' dir='ltr'>Iulii</span> <span class='ocrx_word' id='word_1_185' title='bbox 1483 1782 1686 1838; x_wconf 90' lang='lat' dir='ltr'>Philippi,</span> <span class='ocrx_word' id='word_1_186' title='bbox 1719 1782 1774 1825; x_wconf 91' lang='lat' dir='ltr'>ab</span> <span class='ocrx_word' id='word_1_187' title='bbox 1807 1797 1856 1824; x_wconf 91' lang='lat' dir='ltr'>eo</span> <span class='ocrx_word' id='word_1_188' title='bbox 1887 1781 2055 1825; x_wconf 89' lang='lat' dir='ltr'>Orienti</span> 
     </span>
     <span class='ocr_line' id='line_1_24' title="bbox 333 1850 2055 1910; baseline -0.001 -16"><span class='ocrx_word' id='word_1_189' title='bbox 333 1853 409 1908; x_wconf 86' lang='lat' dir='ltr'>(sie</span> <span class='ocrx_word' id='word_1_190' title='bbox 439 1866 473 1894; x_wconf 86' lang='lat' dir='ltr'>o.</span> <span class='ocrx_word' id='word_1_191' title='bbox 502 1854 577 1910; x_wconf 93' lang='grc'><em>20)</em></span> <span class='ocrx_word' id='word_1_192' title='bbox 613 1851 681 1894; x_wconf 88' lang='lat' dir='ltr'>vel</span> <span class='ocrx_word' id='word_1_193' title='bbox 720 1858 835 1894; x_wconf 91' lang='lat' dir='ltr'>certe</span> <span class='ocrx_word' id='word_1_194' title='bbox 867 1852 1058 1908; x_wconf 87' lang='lat' dir='ltr'>Syriacis</span> <span class='ocrx_word' id='word_1_195' title='bbox 1098 1851 1360 1894; x_wconf 87' lang='lat' dir='ltr'>exercitibus</span> <span class='ocrx_word' id='word_1_196' title='bbox 1392 1851 1442 1906; x_wconf 85' lang='lat' dir='ltr'>(e.</span> <span class='ocrx_word' id='word_1_197' title='bbox 1474 1853 1544 1908; x_wconf 90' lang='grc'>19)</span> <span class='ocrx_word' id='word_1_198' title='bbox 1586 1850 1829 1907; x_wconf 87' lang='lat' dir='ltr'>praefectus</span> <span class='ocrx_word' id='word_1_199' title='bbox 1860 1850 2055 1893; x_wconf 78' lang='lat' dir='ltr'>Zosimus</span> 
     </span>
     <span class='ocr_line' id='line_1_25' title="bbox 332 1919 2053 1976; baseline -0.001 -13"><span class='ocrx_word' id='word_1_200' title='bbox 332 1926 370 1971; x_wconf 83' lang='lat'>1,</span> <span class='ocrx_word' id='word_1_201' title='bbox 392 1924 458 1963; x_wconf 84' lang='lat'>19.</span> <span class='ocrx_word' id='word_1_202' title='bbox 480 1924 551 1963; x_wconf 93' lang='grc'>20.</span> <span class='ocrx_word' id='word_1_203' title='bbox 612 1919 734 1962; x_wconf 86' lang='lat' dir='ltr'>Idem</span> <span class='ocrx_word' id='word_1_204' title='bbox 763 1920 945 1962; x_wconf 85' lang='lat' dir='ltr'>fortasse</span> <span class='ocrx_word' id='word_1_205' title='bbox 976 1920 1144 1975; x_wconf 91' lang='lat' dir='ltr'>[Iul]ius</span> <span class='ocrx_word' id='word_1_206' title='bbox 1175 1921 1352 1962; x_wconf 89' lang='lat' dir='ltr'>Priscus</span> <span class='ocrx_word' id='word_1_207' title='bbox 1382 1919 1627 1976; x_wconf 88' lang='lat' dir='ltr'>praefectus</span> <span class='ocrx_word' id='word_1_208' title='bbox 1658 1919 1995 1976; x_wconf 87' lang='lat' dir='ltr'>Mesopotamiae</span> <span class='ocrx_word' id='word_1_209' title='bbox 2026 1922 2053 1961; x_wconf 89' lang='lat' dir='ltr'>t.</span> 
     </span>
     <span class='ocr_line' id='line_1_26' title="bbox 333 1986 2056 2043; baseline -0.001 -12"><span class='ocrx_word' id='word_1_210' title='bbox 333 1989 574 2043; x_wconf 78' lang='lat' dir='ltr'>Philippoli</span> <span class='ocrx_word' id='word_1_211' title='bbox 602 1989 648 2030; x_wconf 82' lang='lat' dir='ltr'>in</span> <span class='ocrx_word' id='word_1_212' title='bbox 676 1988 908 2031; x_wconf 84' lang='lat' dir='ltr'>Batanaea</span> <span class='ocrx_word' id='word_1_213' title='bbox 937 1989 1096 2031; x_wconf 81' lang='lat' dir='ltr'>inventi</span> <span class='ocrx_word' id='word_1_214' title='bbox 1122 1988 1191 2031; x_wconf 81' lang='lat'>01</span> <span class='ocrx_word' id='word_1_215' title='bbox 1193 1988 1269 2032; x_wconf 82' lang='lat' dir='ltr'>Gr.</span> <span class='ocrx_word' id='word_1_216' title='bbox 1296 1991 1421 2031; x_wconf 89' lang='grc'><em>4602.</em></span> <span class='ocrx_word' id='word_1_217' title='bbox 1443 1991 1552 2030; x_wconf 83' lang='grc'><em>4603</em></span> <span class='ocrx_word' id='word_1_218' title='bbox 1571 2008 1626 2023; x_wconf 69' lang='lat' dir='ltr'><strong><em>z</em></strong></span> <span class='ocrx_word' id='word_1_219' title='bbox 1647 1986 2056 2041; x_wconf 70' lang='lat' dir='ltr'>Lebas-Watldiny-</span> 
     </span>
     <span class='ocr_line' id='line_1_27' title="bbox 334 2055 2056 2111; baseline -0.001 -12"><span class='ocrx_word' id='word_1_220' title='bbox 334 2061 405 2099; x_wconf 85' lang='lat' dir='ltr'>ton</span> <span class='ocrx_word' id='word_1_221' title='bbox 435 2060 560 2100; x_wconf 87' lang='grc'><em>2077.</em></span> <span class='ocrx_word' id='word_1_222' title='bbox 592 2060 705 2100; x_wconf 88' lang='grc'><em>2078</em></span> <span class='ocrx_word' id='word_1_223' title='bbox 737 2058 791 2110; x_wconf 83' lang='lat' dir='ltr'>ef.</span> <span class='ocrx_word' id='word_1_224' title='bbox 823 2057 1109 2111; x_wconf 76' lang='lat' dir='ltr'>Waddinyton</span> <span class='ocrx_word' id='word_1_225' title='bbox 1140 2058 1165 2101; x_wconf 93' lang='lat' dir='ltr'>l.</span> <span class='ocrx_word' id='word_1_226' title='bbox 1197 2071 1255 2109; x_wconf 86' lang='lat' dir='ltr'>e.,·</span> <span class='ocrx_word' id='word_1_227' title='bbox 1295 2056 1507 2100; x_wconf 80' lang='lat' dir='ltr'>Cavedoni</span> <span class='ocrx_word' id='word_1_228' title='bbox 1543 2056 1690 2100; x_wconf 63' lang='grc' dir='ltr'><em>(Πᾶν.</em></span> <span class='ocrx_word' id='word_1_229' title='bbox 1723 2056 1820 2099; x_wconf 80' lang='lat' dir='ltr'>add.</span> <span class='ocrx_word' id='word_1_230' title='bbox 1851 2055 1946 2111; x_wconf 82' lang='lat' dir='ltr'>(vol.</span> <span class='ocrx_word' id='word_1_231' title='bbox 1967 2055 2056 2098; x_wconf 90' lang='lat' dir='ltr'>III</span> 
     </span>
     <span class='ocr_line' id='line_1_28' title="bbox 332 2123 2059 2180; baseline -0.001 -13"><span class='ocrx_word' id='word_1_232' title='bbox 332 2141 379 2180; x_wconf 89' lang='lat' dir='ltr'>p.</span> <span class='ocrx_word' id='word_1_233' title='bbox 400 2125 537 2180; x_wconf 91' lang='grc'><em>1180).</em></span> <span class='ocrx_word' id='word_1_234' title='bbox 583 2125 657 2167; x_wconf 79' lang='lat' dir='ltr'>Ad</span> <span class='ocrx_word' id='word_1_235' title='bbox 676 2125 848 2168; x_wconf 84' lang='lat' dir='ltr'>eundem</span> <span class='ocrx_word' id='word_1_236' title='bbox 872 2125 1003 2179; x_wconf 87' lang='lat' dir='ltr'>plane</span> <span class='ocrx_word' id='word_1_237' title='bbox 1033 2126 1195 2168; x_wconf 84' lang='lat' dir='ltr'>ineerta</span> <span class='ocrx_word' id='word_1_238' title='bbox 1226 2126 1465 2168; x_wconf 80' lang='lat' dir='ltr'>coniectura</span> <span class='ocrx_word' id='word_1_239' title='bbox 1495 2125 1781 2179; x_wconf 70' lang='lat' dir='ltr'>Waddinyton</span> <span class='ocrx_word' id='word_1_240' title='bbox 1810 2125 1835 2169; x_wconf 95' lang='lat' dir='ltr'>l.</span> <span class='ocrx_word' id='word_1_241' title='bbox 1860 2138 1894 2167; x_wconf 85' lang='lat' dir='ltr'>o.</span> <span class='ocrx_word' id='word_1_242' title='bbox 1914 2123 2059 2166; x_wconf 87' lang='lat' dir='ltr'>retulit</span> 
     </span>
     <span class='ocr_line' id='line_1_29' title="bbox 334 2193 859 2248; baseline 0 -13"><span class='ocrx_word' id='word_1_243' title='bbox 334 2195 618 2248; x_wconf 74' lang='lat' dir='ltr'>fraymentum</span> <span class='ocrx_word' id='word_1_244' title='bbox 650 2193 710 2236; x_wconf 83' lang='lat' dir='ltr'>VJ</span> <span class='ocrx_word' id='word_1_245' title='bbox 739 2196 859 2236; x_wconf 82' lang='grc'><em>1638.</em></span> 
     </span>
    </p>

    <p class='ocr_par' dir='ltr' id='par_1_9' title="bbox 249 2261 2059 2386">
     <span class='ocr_line' id='line_1_30' title="bbox 249 2261 2059 2318; baseline -0.001 -13"><span class='ocrx_word' id='word_1_246' title='bbox 249 2264 332 2306; x_wconf 86' lang='grc'><em>330</em></span> <span class='ocrx_word' id='word_1_247' title='bbox 364 2262 518 2317; x_wconf 87' lang='lat' dir='ltr'>(Iulius</span> <span class='ocrx_word' id='word_1_248' title='bbox 539 2261 751 2304; x_wconf 89' lang='lat' dir='ltr'>Proculus</span> <span class='ocrx_word' id='word_1_249' title='bbox 763 2261 803 2316; x_wconf 67' lang='grc' dir='ltr'>Ρ)</span> <span class='ocrx_word' id='word_1_250' title='bbox 836 2268 958 2318; x_wconf 87' lang='lat' dir='ltr'>pater</span> <span class='ocrx_word' id='word_1_251' title='bbox 978 2261 1114 2304; x_wconf 86' lang='lat' dir='ltr'>Iuliae</span> <span class='ocrx_word' id='word_1_252' title='bbox 1136 2261 1348 2304; x_wconf 88' lang='lat' dir='ltr'>Procillae</span> <span class='ocrx_word' id='word_1_253' title='bbox 1369 2262 1519 2317; x_wconf 80' lang='lat' dir='ltr'>(ipsius</span> <span class='ocrx_word' id='word_1_254' title='bbox 1545 2275 1694 2304; x_wconf 89' lang='lat' dir='ltr'>nomen</span> <span class='ocrx_word' id='word_1_255' title='bbox 1721 2275 1807 2304; x_wconf 90' lang='lat' dir='ltr'>non</span> <span class='ocrx_word' id='word_1_256' title='bbox 1837 2264 1897 2304; x_wconf 85' lang='lat' dir='ltr'>est</span> <span class='ocrx_word' id='word_1_257' title='bbox 1926 2261 2059 2303; x_wconf 81' lang='lat' dir='ltr'>tradi-</span> 
     </span>
     <span class='ocr_line' id='line_1_31' title="bbox 336 2329 1342 2386; baseline 0 -14"><span class='ocrx_word' id='word_1_258' title='bbox 336 2330 451 2385; x_wconf 87' lang='lat' dir='ltr'>tum),</span> <span class='ocrx_word' id='word_1_259' title='bbox 486 2336 737 2386; x_wconf 86' lang='lat' dir='ltr'>procurator</span> <span class='ocrx_word' id='word_1_260' title='bbox 766 2329 1001 2372; x_wconf 83' lang='lat' dir='ltr'>Caesarum</span> <span class='ocrx_word' id='word_1_261' title='bbox 1036 2330 1133 2372; x_wconf 85' lang='lat' dir='ltr'>Tae.</span> <span class='ocrx_word' id='word_1_262' title='bbox 1165 2330 1272 2385; x_wconf 64' lang='grc' dir='ltr'>ΑΨ.</span> <span class='ocrx_word' id='word_1_263' title='bbox 1303 2334 1342 2372; x_wconf 88' lang='grc'>4.</span> 
     </span>
    </p>

    <p class='ocr_par' dir='ltr' id='par_1_10' title="bbox 251 2397 2059 2455">
     <span class='ocr_line' id='line_1_32' title="bbox 251 2397 2059 2455; baseline -0.001 -13"><span class='ocrx_word' id='word_1_264' title='bbox 251 2401 330 2442; x_wconf 87' lang='grc'>331</span> <span class='ocrx_word' id='word_1_265' title='bbox 363 2398 500 2441; x_wconf 91' lang='lat' dir='ltr'>Iulius</span> <span class='ocrx_word' id='word_1_266' title='bbox 541 2398 752 2441; x_wconf 86' lang='lat' dir='ltr'>Proculus</span> <span class='ocrx_word' id='word_1_267' title='bbox 792 2398 925 2440; x_wconf 84' lang='lat' dir='ltr'>iudex</span> <span class='ocrx_word' id='word_1_268' title='bbox 962 2398 1088 2440; x_wconf 89' lang='lat' dir='ltr'>datus</span> <span class='ocrx_word' id='word_1_269' title='bbox 1133 2398 1189 2441; x_wconf 91' lang='lat' dir='ltr'>ab</span> <span class='ocrx_word' id='word_1_270' title='bbox 1230 2400 1330 2455; x_wconf 92' lang='lat' dir='ltr'>imp.</span> <span class='ocrx_word' id='word_1_271' title='bbox 1374 2398 1639 2452; x_wconf 87' lang='lat' dir='ltr'>(Domitiano</span> <span class='ocrx_word' id='word_1_272' title='bbox 1679 2404 1727 2440; x_wconf 93' lang='lat' dir='ltr'>ut</span> <span class='ocrx_word' id='word_1_273' title='bbox 1765 2397 1959 2452; x_wconf 87' lang='lat' dir='ltr'>videtur)</span> <span class='ocrx_word' id='word_1_274' title='bbox 2003 2397 2059 2440; x_wconf 84' lang='lat' dir='ltr'>ad</span> 
     </span>
    </p>
   </div>
   <div class='ocr_carea' id='block_1_5' title="bbox 338 2466 2061 2579">
    <p class='ocr_par' dir='ltr' id='par_1_11' title="bbox 338 2466 2061 2579">
     <span class='ocr_line' id='line_1_33' title="bbox 339 2466 2061 2523; baseline 0 -15"><span class='ocrx_word' id='word_1_275' title='bbox 339 2468 446 2509; x_wconf 89' lang='lat' dir='ltr'>fines</span> <span class='ocrx_word' id='word_1_276' title='bbox 476 2467 692 2521; x_wconf 88' lang='lat' dir='ltr'>regundos</span> <span class='ocrx_word' id='word_1_277' title='bbox 723 2468 834 2508; x_wconf 91' lang='lat' dir='ltr'>inter</span> <span class='ocrx_word' id='word_1_278' title='bbox 864 2467 1060 2509; x_wconf 89' lang='lat' dir='ltr'>civitates</span> <span class='ocrx_word' id='word_1_279' title='bbox 1091 2466 1333 2523; x_wconf 85' lang='lat' dir='ltr'>complures</span> <span class='ocrx_word' id='word_1_280' title='bbox 1363 2467 1564 2509; x_wconf 90' lang='lat' dir='ltr'>Baeticae</span> <span class='ocrx_word' id='word_1_281' title='bbox 1595 2470 1622 2511; x_wconf 85' lang='lat' dir='ltr'>t.</span> <span class='ocrx_word' id='word_1_282' title='bbox 1654 2469 1847 2521; x_wconf 80' lang='lat' dir='ltr'>corrupte</span> <span class='ocrx_word' id='word_1_283' title='bbox 1877 2466 2061 2509; x_wconf 76' lang='lat' dir='ltr'>traditus</span> 
     </span>
     <span class='ocr_line' id='line_1_34' title="bbox 338 2536 547 2579; baseline -0.005 -1"><span class='ocrx_word' id='word_1_284' title='bbox 338 2536 399 2578; x_wconf 91' lang='lat' dir='ltr'>II</span> <span class='ocrx_word' id='word_1_285' title='bbox 421 2539 547 2579; x_wconf 83' lang='grc'><em>2349.</em></span> 
     </span>
    </p>
   </div>
   <div class='ocr_carea' id='block_1_6' title="bbox 253 2602 2066 3408">
    <p class='ocr_par' dir='ltr' id='par_1_12' title="bbox 253 2602 1935 2658">
     <span class='ocr_line' id='line_1_35' title="bbox 253 2602 1935 2658; baseline -0.001 -12"><span class='ocrx_word' id='word_1_286' title='bbox 253 2606 336 2646; x_wconf 86' lang='grc'>332</span> <span class='ocrx_word' id='word_1_287' title='bbox 367 2603 506 2645; x_wconf 89' lang='lat' dir='ltr'>Iulius</span> <span class='ocrx_word' id='word_1_288' title='bbox 536 2603 760 2658; x_wconf 89' lang='lat' dir='ltr'>Proculus,</span> <span class='ocrx_word' id='word_1_289' title='bbox 793 2618 890 2645; x_wconf 91' lang='lat' dir='ltr'>cum</span> <span class='ocrx_word' id='word_1_290' title='bbox 922 2604 1009 2645; x_wconf 93' lang='lat' dir='ltr'>suis</span> <span class='ocrx_word' id='word_1_291' title='bbox 1039 2603 1204 2645; x_wconf 89' lang='lat' dir='ltr'>occisus</span> <span class='ocrx_word' id='word_1_292' title='bbox 1235 2618 1261 2644; x_wconf 87' lang='lat' dir='ltr'>a</span> <span class='ocrx_word' id='word_1_293' title='bbox 1291 2602 1524 2645; x_wconf 83' lang='lat' dir='ltr'>Commodo</span> <span class='ocrx_word' id='word_1_294' title='bbox 1554 2603 1627 2644; x_wconf 79' lang='lat' dir='ltr'>vit.</span> <span class='ocrx_word' id='word_1_295' title='bbox 1656 2602 1812 2646; x_wconf 81' lang='lat' dir='ltr'>Comm.</span> <span class='ocrx_word' id='word_1_296' title='bbox 1837 2606 1873 2653; x_wconf 91' lang='grc'>7,</span> <span class='ocrx_word' id='word_1_297' title='bbox 1897 2605 1935 2645; x_wconf 89' lang='grc'>7.</span> 
     </span>
    </p>

    <p class='ocr_par' dir='ltr' id='par_1_13' title="bbox 254 2670 2066 3408">
     <span class='ocr_line' id='line_1_36' title="bbox 254 2670 2059 2726; baseline -0.001 -10"><span class='ocrx_word' id='word_1_298' title='bbox 254 2673 337 2716; x_wconf 82' lang='lat'>333</span> <span class='ocrx_word' id='word_1_299' title='bbox 369 2679 410 2714; x_wconf 85' lang='lat' dir='ltr'>C.</span> <span class='ocrx_word' id='word_1_300' title='bbox 440 2677 604 2713; x_wconf 88' lang='lat' dir='ltr'>IVLIVS</span> <span class='ocrx_word' id='word_1_301' title='bbox 637 2677 892 2713; x_wconf 87' lang='lat' dir='ltr'>PROCVLVS</span> <span class='ocrx_word' id='word_1_302' title='bbox 923 2671 982 2714; x_wconf 87' lang='lat' dir='ltr'>M.</span> <span class='ocrx_word' id='word_1_303' title='bbox 1006 2671 1048 2725; x_wconf 89' lang='lat' dir='ltr'>f.,</span> <span class='ocrx_word' id='word_1_304' title='bbox 1081 2671 1197 2714; x_wconf 88' lang='lat' dir='ltr'>tribu</span> <span class='ocrx_word' id='word_1_305' title='bbox 1217 2670 1358 2726; x_wconf 80' lang='lat' dir='ltr'>Volt.;</span> <span class='ocrx_word' id='word_1_306' title='bbox 1391 2671 1589 2713; x_wconf 91' lang='lat' dir='ltr'>triumvir</span> <span class='ocrx_word' id='word_1_307' title='bbox 1618 2685 1716 2712; x_wconf 88' lang='lat' dir='ltr'>aere</span> <span class='ocrx_word' id='word_1_308' title='bbox 1746 2677 1924 2726; x_wconf 87' lang='lat' dir='ltr'>argento</span> <span class='ocrx_word' id='word_1_309' title='bbox 1955 2686 2059 2714; x_wconf 89' lang='lat' dir='ltr'>auro</span> 
     </span>
     <span class='ocr_line' id='line_1_37' title="bbox 338 2738 2062 2796; baseline 0.001 -14"><span class='ocrx_word' id='word_1_310' title='bbox 338 2740 481 2782; x_wconf 88' lang='lat' dir='ltr'>flando</span> <span class='ocrx_word' id='word_1_311' title='bbox 521 2739 741 2794; x_wconf 87' lang='lat' dir='ltr'>feriundo,</span> <span class='ocrx_word' id='word_1_312' title='bbox 786 2746 991 2796; x_wconf 89' lang='lat' dir='ltr'>quaestor</span> <span class='ocrx_word' id='word_1_313' title='bbox 1019 2739 1337 2795; x_wconf 89' lang='lat' dir='ltr'>Augustorum,</span> <span class='ocrx_word' id='word_1_314' title='bbox 1380 2739 1581 2782; x_wconf 89' lang='lat' dir='ltr'>tribunus</span> <span class='ocrx_word' id='word_1_315' title='bbox 1623 2738 1805 2793; x_wconf 88' lang='lat' dir='ltr'>legionis</span> <span class='ocrx_word' id='word_1_316' title='bbox 1835 2740 1926 2782; x_wconf 93' lang='lat' dir='ltr'>IIII</span> <span class='ocrx_word' id='word_1_317' title='bbox 1957 2740 2062 2796; x_wconf 82' lang='lat' dir='ltr'>Scy-</span> 
     </span>
     <span class='ocr_line' id='line_1_38' title="bbox 342 2807 2057 2864; baseline 0.001 -15"><span class='ocrx_word' id='word_1_318' title='bbox 342 2809 505 2862; x_wconf 85' lang='lat' dir='ltr'>thicae,</span> <span class='ocrx_word' id='word_1_319' title='bbox 539 2808 593 2850; x_wconf 84' lang='lat' dir='ltr'>ab</span> <span class='ocrx_word' id='word_1_320' title='bbox 623 2809 729 2850; x_wconf 87' lang='lat' dir='ltr'>actis</span> <span class='ocrx_word' id='word_1_321' title='bbox 761 2808 1030 2864; x_wconf 89' lang='lat' dir='ltr'>imperatoris</span> <span class='ocrx_word' id='word_1_322' title='bbox 1061 2809 1237 2850; x_wconf 85' lang='lat' dir='ltr'>Traiani</span> <span class='ocrx_word' id='word_1_323' title='bbox 1267 2807 1393 2862; x_wconf 65' lang='lat' dir='ltr'>Aug„</span> <span class='ocrx_word' id='word_1_324' title='bbox 1436 2807 1635 2849; x_wconf 86' lang='lat' dir='ltr'>tribunus</span> <span class='ocrx_word' id='word_1_325' title='bbox 1675 2807 1833 2863; x_wconf 83' lang='lat' dir='ltr'>plebis,</span> <span class='ocrx_word' id='word_1_326' title='bbox 1875 2814 2057 2863; x_wconf 90' lang='lat' dir='ltr'>praetor,</span> 
     </span>
     <span class='ocr_line' id='line_1_39' title="bbox 339 2875 2060 2932; baseline 0.001 -14"><span class='ocrx_word' id='word_1_327' title='bbox 339 2876 505 2931; x_wconf 88' lang='lat' dir='ltr'>legatus</span> <span class='ocrx_word' id='word_1_328' title='bbox 545 2875 726 2930; x_wconf 90' lang='lat' dir='ltr'>legionis</span> <span class='ocrx_word' id='word_1_329' title='bbox 753 2877 818 2918; x_wconf 90' lang='lat' dir='ltr'>VI</span> <span class='ocrx_word' id='word_1_330' title='bbox 847 2877 1075 2931; x_wconf 83' lang='lat' dir='ltr'>Ferratae,</span> <span class='ocrx_word' id='word_1_331' title='bbox 1117 2876 1284 2931; x_wconf 88' lang='lat' dir='ltr'>legatus</span> <span class='ocrx_word' id='word_1_332' title='bbox 1315 2876 1502 2930; x_wconf 87' lang='lat' dir='ltr'>Augusti</span> <span class='ocrx_word' id='word_1_333' title='bbox 1542 2890 1619 2932; x_wconf 88' lang='lat' dir='ltr'>pro</span> <span class='ocrx_word' id='word_1_334' title='bbox 1651 2882 1848 2931; x_wconf 88' lang='lat' dir='ltr'>praetore</span> <span class='ocrx_word' id='word_1_335' title='bbox 1875 2877 2060 2931; x_wconf 85' lang='lat' dir='ltr'>regionis</span> 
     </span>
     <span class='ocr_line' id='line_1_40' title="bbox 341 2943 2060 3000; baseline 0.001 -14"><span class='ocrx_word' id='word_1_336' title='bbox 341 2943 676 3000; x_wconf 82' lang='lat' dir='ltr'>Transpadanae</span> <span class='ocrx_word' id='word_1_337' title='bbox 699 2943 770 2997; x_wconf 83' lang='lat' dir='ltr'>(ef.</span> <span class='ocrx_word' id='word_1_338' title='bbox 795 2945 1031 2987; x_wconf 89' lang='lat' dir='ltr'>Mommsen</span> <span class='ocrx_word' id='word_1_339' title='bbox 1052 2944 1141 2999; x_wconf 76' lang='lat' dir='ltr'>eph.</span> <span class='ocrx_word' id='word_1_340' title='bbox 1165 2959 1227 2998; x_wconf 88' lang='lat' dir='ltr'>ep.</span> <span class='ocrx_word' id='word_1_341' title='bbox 1251 2948 1279 2986; x_wconf 92' lang='grc'><em>7</em></span> <span class='ocrx_word' id='word_1_342' title='bbox 1296 2959 1345 2999; x_wconf 90' lang='lat' dir='ltr'>p.</span> <span class='ocrx_word' id='word_1_343' title='bbox 1366 2947 1452 2986; x_wconf 85' lang='lat'>397</span> <span class='ocrx_word' id='word_1_344' title='bbox 1477 2947 1561 2986; x_wconf 86' lang='lat' dir='ltr'>not.</span> <span class='ocrx_word' id='word_1_345' title='bbox 1592 2943 1646 2998; x_wconf 82' lang='lat'>7),</span> <span class='ocrx_word' id='word_1_346' title='bbox 1678 2943 1844 2998; x_wconf 84' lang='lat' dir='ltr'>legatus</span> <span class='ocrx_word' id='word_1_347' title='bbox 1873 2944 2060 2999; x_wconf 87' lang='lat' dir='ltr'>Augusti</span> 
     </span>
     <span class='ocr_line' id='line_1_41' title="bbox 341 3012 2060 3070; baseline 0.001 -16"><span class='ocrx_word' id='word_1_348' title='bbox 341 3027 418 3070; x_wconf 87' lang='lat' dir='ltr'>pro</span> <span class='ocrx_word' id='word_1_349' title='bbox 440 3019 637 3069; x_wconf 86' lang='lat' dir='ltr'>praetore</span> <span class='ocrx_word' id='word_1_350' title='bbox 659 3012 713 3053; x_wconf 85' lang='lat' dir='ltr'>ad</span> <span class='ocrx_word' id='word_1_351' title='bbox 735 3027 888 3054; x_wconf 89' lang='lat' dir='ltr'>census</span> <span class='ocrx_word' id='word_1_352' title='bbox 919 3014 1167 3069; x_wconf 88' lang='lat' dir='ltr'>provinciae</span> <span class='ocrx_word' id='word_1_353' title='bbox 1190 3012 1506 3067; x_wconf 85' lang='lat' dir='ltr'>Lugdunensis,</span> <span class='ocrx_word' id='word_1_354' title='bbox 1529 3018 1702 3054; x_wconf 88' lang='lat' dir='ltr'>curator</span> <span class='ocrx_word' id='word_1_355' title='bbox 1723 3026 1902 3068; x_wconf 90' lang='lat' dir='ltr'>operum</span> <span class='ocrx_word' id='word_1_356' title='bbox 1922 3012 2060 3069; x_wconf 87' lang='lat' dir='ltr'>publi-</span> 
     </span>
     <span class='ocr_line' id='line_1_42' title="bbox 341 3080 2066 3136; baseline 0 -13"><span class='ocrx_word' id='word_1_357' title='bbox 341 3096 500 3132; x_wconf 89' lang='lat' dir='ltr'>corum,</span> <span class='ocrx_word' id='word_1_358' title='bbox 524 3080 674 3122; x_wconf 91' lang='lat' dir='ltr'>consul</span> <span class='ocrx_word' id='word_1_359' title='bbox 696 3081 808 3134; x_wconf 88' lang='lat' dir='ltr'>(suff.</span> <span class='ocrx_word' id='word_1_360' title='bbox 834 3096 869 3123; x_wconf 86' lang='lat' dir='ltr'>a.</span> <span class='ocrx_word' id='word_1_361' title='bbox 889 3081 990 3136; x_wconf 89' lang='lat' dir='ltr'>inc.)</span> <span class='ocrx_word' id='word_1_362' title='bbox 1013 3085 1041 3124; x_wconf 89' lang='lat' dir='ltr'>t.</span> <span class='ocrx_word' id='word_1_363' title='bbox 1057 3080 1309 3123; x_wconf 82' lang='lat' dir='ltr'>Antiatinus</span> <span class='ocrx_word' id='word_1_364' title='bbox 1324 3080 1372 3123; x_wconf 94' lang='lat' dir='ltr'><strong><em>X</em></strong></span> <span class='ocrx_word' id='word_1_365' title='bbox 1390 3082 1499 3123; x_wconf 84' lang='grc'><em>6658</em></span> <span class='ocrx_word' id='word_1_366' title='bbox 1529 3080 1807 3136; x_wconf 81' lang='lat' dir='ltr'>(consulatum</span> <span class='ocrx_word' id='word_1_367' title='bbox 1837 3082 2066 3123; x_wconf 86' lang='lat' dir='ltr'>memorari</span> 
     </span>
     <span class='ocr_line' id='line_1_43' title="bbox 341 3148 2064 3203; baseline 0.001 -13"><span class='ocrx_word' id='word_1_368' title='bbox 341 3150 388 3191; x_wconf 79' lang='lat' dir='ltr'>in</span> <span class='ocrx_word' id='word_1_369' title='bbox 426 3149 663 3203; x_wconf 74' lang='lat' dir='ltr'>fraymento</span> <span class='ocrx_word' id='word_1_370' title='bbox 703 3149 912 3202; x_wconf 80' lang='lat' dir='ltr'>fastorum</span> <span class='ocrx_word' id='word_1_371' title='bbox 947 3150 1158 3203; x_wconf 85' lang='lat' dir='ltr'>feriarum</span> <span class='ocrx_word' id='word_1_372' title='bbox 1190 3149 1469 3200; x_wconf 87' lang='lat' dir='ltr'>Latinarum,</span> <span class='ocrx_word' id='word_1_373' title='bbox 1510 3148 1637 3190; x_wconf 87' lang='lat' dir='ltr'>XIV</span> <span class='ocrx_word' id='word_1_374' title='bbox 1656 3151 1773 3192; x_wconf 81' lang='grc'><em>2243</em></span> <span class='ocrx_word' id='word_1_375' title='bbox 1808 3162 1844 3191; x_wconf 85' lang='lat' dir='ltr'>v.</span> <span class='ocrx_word' id='word_1_376' title='bbox 1884 3152 1949 3200; x_wconf 89' lang='lat'>10,</span> <span class='ocrx_word' id='word_1_377' title='bbox 1987 3150 2064 3192; x_wconf 84' lang='lat' dir='ltr'>ubi</span> 
     </span>
     <span class='ocr_line' id='line_1_44' title="bbox 342 3216 2061 3272; baseline 0 -12"><span class='ocrx_word' id='word_1_378' title='bbox 342 3220 529 3271; x_wconf 75' lang='lat' dir='ltr'>superest</span> <span class='ocrx_word' id='word_1_379' title='bbox 551 3249 560 3258; x_wconf 90' lang='lat'><strong><em>.</em></strong></span> <span class='ocrx_word' id='word_1_380' title='bbox 579 3252 587 3260; x_wconf 90' lang='lat'><strong><em>.</em></strong></span> <span class='ocrx_word' id='word_1_381' title='bbox 606 3249 615 3258; x_wconf 88' lang='lat'><strong><em>.</em></strong></span> <span class='ocrx_word' id='word_1_382' title='bbox 635 3249 644 3258; x_wconf 93' lang='lat'><strong><em>.</em></strong></span> <span class='ocrx_word' id='word_1_383' title='bbox 663 3231 686 3257; x_wconf 95' lang='lat' dir='ltr'>o</span> <span class='ocrx_word' id='word_1_384' title='bbox 708 3216 939 3272; x_wconf 86' lang='lat' dir='ltr'>Procu[lo]‚</span> <span class='ocrx_word' id='word_1_385' title='bbox 971 3218 1145 3259; x_wconf 77' lang='lat' dir='ltr'>coniecit</span> <span class='ocrx_word' id='word_1_386' title='bbox 1164 3216 1337 3259; x_wconf 78' lang='lat' dir='ltr'>Asbaeh</span> <span class='ocrx_word' id='word_1_387' title='bbox 1368 3216 1547 3259; x_wconf 75' lang='lat' dir='ltr'>analect.</span> <span class='ocrx_word' id='word_1_388' title='bbox 1569 3216 1714 3259; x_wconf 79' lang='lat' dir='ltr'>histor.</span> <span class='ocrx_word' id='word_1_389' title='bbox 1743 3219 1784 3258; x_wconf 91' lang='lat' dir='ltr'>et</span> <span class='ocrx_word' id='word_1_390' title='bbox 1811 3217 1942 3271; x_wconf 68' lang='lat' dir='ltr'>epiyr.</span> <span class='ocrx_word' id='word_1_391' title='bbox 1962 3218 2061 3260; x_wconf 80' lang='lat' dir='ltr'>Lat.</span> 
     </span>
     <span class='ocr_line' id='line_1_45' title="bbox 344 3284 2062 3340; baseline -0.001 -12"><span class='ocrx_word' id='word_1_392' title='bbox 344 3300 393 3340; x_wconf 88' lang='lat' dir='ltr'>p.</span> <span class='ocrx_word' id='word_1_393' title='bbox 421 3289 502 3336; x_wconf 81' lang='grc'>32;</span> <span class='ocrx_word' id='word_1_394' title='bbox 538 3284 648 3326; x_wconf 78' lang='lat' dir='ltr'>idem</span> <span class='ocrx_word' id='word_1_395' title='bbox 686 3286 837 3326; x_wconf 75' lang='lat' dir='ltr'>statuit</span> <span class='ocrx_word' id='word_1_396' title='bbox 867 3285 1132 3339; x_wconf 70' lang='lat' dir='ltr'>particulam</span> <span class='ocrx_word' id='word_1_397' title='bbox 1170 3284 1279 3327; x_wconf 75' lang='lat' dir='ltr'>liano</span> <span class='ocrx_word' id='word_1_398' title='bbox 1318 3285 1528 3338; x_wconf 80' lang='lat' dir='ltr'>fastorum</span> <span class='ocrx_word' id='word_1_399' title='bbox 1567 3285 1775 3338; x_wconf 77' lang='lat' dir='ltr'>seriarum</span> <span class='ocrx_word' id='word_1_400' title='bbox 1805 3285 2062 3328; x_wconf 86' lang='lat' dir='ltr'>Latinarum</span> 
     </span>
     <span class='ocr_line' id='line_1_46' title="bbox 343 3351 2065 3408; baseline 0 -13"><span class='ocrx_word' id='word_1_401' title='bbox 343 3357 530 3408; x_wconf 78' lang='lat' dir='ltr'>spectare</span> <span class='ocrx_word' id='word_1_402' title='bbox 570 3352 627 3394; x_wconf 73' lang='lat' dir='ltr'>ad</span> <span class='ocrx_word' id='word_1_403' title='bbox 667 3353 798 3393; x_wconf 78' lang='lat' dir='ltr'>annos</span> <span class='ocrx_word' id='word_1_404' title='bbox 828 3356 907 3395; x_wconf 91' lang='grc'><em>101</em></span> <span class='ocrx_word' id='word_1_405' title='bbox 914 3357 1067 3402; x_wconf 34' lang='grc' dir='ltr'><em>-ῆ-104,</em></span> <span class='ocrx_word' id='word_1_406' title='bbox 1103 3356 1151 3394; x_wconf 79' lang='lat' dir='ltr'>ut</span> <span class='ocrx_word' id='word_1_407' title='bbox 1189 3352 1255 3394; x_wconf 75' lang='lat' dir='ltr'>hie</span> <span class='ocrx_word' id='word_1_408' title='bbox 1285 3352 1495 3394; x_wconf 67' lang='lat' dir='ltr'>Proculus</span> <span class='ocrx_word' id='word_1_409' title='bbox 1533 3352 1678 3394; x_wconf 74' lang='lat' dir='ltr'>consul</span> <span class='ocrx_word' id='word_1_410' title='bbox 1705 3351 1906 3403; x_wconf 76' lang='lat' dir='ltr'>suffectus</span> <span class='ocrx_word' id='word_1_411' title='bbox 1933 3353 2065 3407; x_wconf 75' lang='lat' dir='ltr'>fuerit</span> 
     </span>
    </p>
   </div>
  </div>
 </body>
</html>
