<?xml version="1.0" encoding="UTF-8"?>
<!DOCTYPE html PUBLIC "-//W3C//DTD XHTML 1.0 Transitional//EN"
    "http://www.w3.org/TR/xhtml1/DTD/xhtml1-transitional.dtd">
<html xmlns="http://www.w3.org/1999/xhtml" xml:lang="en" lang="en">
 <head>
  <title>
</title>
<meta http-equiv="Content-Type" content="text/html;charset=utf-8" />
  <meta name='ocr-system' content='tesseract 3.04.00' />
  <meta name='ocr-capabilities' content='ocr_page ocr_carea ocr_par ocr_line ocrx_word'/>
</head>
<body>
  <div class='ocr_page' id='page_1' title='image "./prosopographiaim02akaduoft/prosopographiaim02akaduoft_0048.png"; bbox 0 0 2190 3724; ppageno 0'>
   <div class='ocr_carea' id='block_1_1' title="bbox 271 302 2078 345">
    <p class='ocr_par' dir='ltr' id='par_1_1' title="bbox 271 302 2078 345">
     <span class='ocr_line' id='line_1_1' title="bbox 271 302 2078 345; baseline -0.001 0"><span class='ocrx_word' id='word_1_1' title='bbox 271 309 533 345; x_wconf 84' lang='lat' dir='ltr'><strong>ENTELLVS</strong></span> <span class='ocrx_word' id='word_1_2' title='bbox 1148 302 1203 343; x_wconf 79' lang='lat'>36</span> <span class='ocrx_word' id='word_1_3' title='bbox 1526 310 1531 315; x_wconf 82' lang='lat'><em>&#39;</em></span> <span class='ocrx_word' id='word_1_4' title='bbox 1804 307 2078 344; x_wconf 87' lang='lat' dir='ltr'>EPICTETVS</span> 
     </span>
    </p>
   </div>
   <div class='ocr_carea' id='block_1_2' title="bbox 263 436 2103 3435">
    <p class='ocr_par' dir='ltr' id='par_1_2' title="bbox 350 436 2081 897">
     <span class='ocr_line' id='line_1_2' title="bbox 356 436 2078 494; baseline -0.001 -12"><span class='ocrx_word' id='word_1_5' title='bbox 356 440 508 482; x_wconf 89' lang='lat' dir='ltr'>Naevii</span> <span class='ocrx_word' id='word_1_6' title='bbox 556 439 736 482; x_wconf 85' lang='lat' dir='ltr'>Sertorii</span> <span class='ocrx_word' id='word_1_7' title='bbox 775 438 995 480; x_wconf 77' lang='lat' dir='ltr'>Macronis</span> <span class='ocrx_word' id='word_1_8' title='bbox 1033 437 1240 494; x_wconf 86' lang='lat' dir='ltr'>praefecti</span> <span class='ocrx_word' id='word_1_9' title='bbox 1280 437 1495 492; x_wconf 88' lang='lat' dir='ltr'>praetorio</span> <span class='ocrx_word' id='word_1_10' title='bbox 1535 436 1616 479; x_wconf 84' lang='lat' dir='ltr'>sub</span> <span class='ocrx_word' id='word_1_11' title='bbox 1645 436 1841 492; x_wconf 88' lang='lat' dir='ltr'>Tiberio,</span> <span class='ocrx_word' id='word_1_12' title='bbox 1890 437 2078 494; x_wconf 88' lang='lat' dir='ltr'>impulsu</span> 
     </span>
     <span class='ocr_line' id='line_1_3' title="bbox 355 504 2081 560; baseline -0.001 -11"><span class='ocrx_word' id='word_1_13' title='bbox 355 508 496 550; x_wconf 86' lang='lat' dir='ltr'>mariti</span> <span class='ocrx_word' id='word_1_14' title='bbox 530 508 688 551; x_wconf 81' lang='lat' dir='ltr'>Gaium</span> <span class='ocrx_word' id='word_1_15' title='bbox 721 506 948 548; x_wconf 85' lang='lat' dir='ltr'>Caesarem</span> <span class='ocrx_word' id='word_1_16' title='bbox 979 505 1298 547; x_wconf 80' lang='lat' dir='ltr'>adulescentem</span> <span class='ocrx_word' id='word_1_17' title='bbox 1328 519 1518 547; x_wconf 89' lang='lat' dir='ltr'>amorem</span> <span class='ocrx_word' id='word_1_18' title='bbox 1548 504 1749 560; x_wconf 89' lang='lat' dir='ltr'>fingendo</span> <span class='ocrx_word' id='word_1_19' title='bbox 1778 504 1859 547; x_wconf 84' lang='lat' dir='ltr'>sibi</span> <span class='ocrx_word' id='word_1_20' title='bbox 1889 505 2081 548; x_wconf 82' lang='lat' dir='ltr'>devincit</span> 
     </span>
     <span class='ocr_line' id='line_1_4' title="bbox 359 573 2078 626; baseline -0.001 -9"><span class='ocrx_word' id='word_1_21' title='bbox 359 575 456 617; x_wconf 79' lang='lat' dir='ltr'><strong><em>Tac.</em></strong></span> <span class='ocrx_word' id='word_1_22' title='bbox 484 590 523 617; x_wconf 80' lang='lat' dir='ltr'>a.</span> <span class='ocrx_word' id='word_1_23' title='bbox 555 579 591 625; x_wconf 92' lang='lat'>6,</span> <span class='ocrx_word' id='word_1_24' title='bbox 614 577 692 626; x_wconf 81' lang='lat'><strong><em>45,·</em></strong></span> <span class='ocrx_word' id='word_1_25' title='bbox 720 574 808 616; x_wconf 65' lang='lat' dir='ltr'>Dio</span> <span class='ocrx_word' id='word_1_26' title='bbox 836 576 902 623; x_wconf 92' lang='lat'>58,</span> <span class='ocrx_word' id='word_1_27' title='bbox 931 576 1000 624; x_wconf 93' lang='lat'>28,</span> <span class='ocrx_word' id='word_1_28' title='bbox 1032 574 1251 615; x_wconf 82' lang='lat' dir='ltr'>nesciente</span> <span class='ocrx_word' id='word_1_29' title='bbox 1280 574 1432 615; x_wconf 86' lang='lat' dir='ltr'>marito</span> <span class='ocrx_word' id='word_1_30' title='bbox 1463 587 1652 615; x_wconf 90' lang='lat' dir='ltr'>amorem</span> <span class='ocrx_word' id='word_1_31' title='bbox 1683 588 1780 615; x_wconf 90' lang='lat' dir='ltr'>cum</span> <span class='ocrx_word' id='word_1_32' title='bbox 1812 573 1858 617; x_wconf 88' lang='lat' dir='ltr'><strong><em>C.</em></strong></span> <span class='ocrx_word' id='word_1_33' title='bbox 1893 573 2078 616; x_wconf 83' lang='lat' dir='ltr'>Caesare</span> 
     </span>
     <span class='ocr_line' id='line_1_5' title="bbox 354 641 2077 697; baseline 0 -13"><span class='ocrx_word' id='word_1_34' title='bbox 354 649 528 685; x_wconf 79' lang='lat' dir='ltr'>exercet</span> <span class='ocrx_word' id='word_1_35' title='bbox 549 642 679 685; x_wconf 68' lang='lat' dir='ltr'>Philo</span> <span class='ocrx_word' id='word_1_36' title='bbox 701 643 775 696; x_wconf 64' lang='lat' dir='ltr'>leq.</span> <span class='ocrx_word' id='word_1_37' title='bbox 800 642 857 683; x_wconf 77' lang='lat' dir='ltr'>ad</span> <span class='ocrx_word' id='word_1_38' title='bbox 878 641 1039 683; x_wconf 70' lang='lat' dir='ltr'>Gaium</span> <span class='ocrx_word' id='word_1_39' title='bbox 1058 656 1104 695; x_wconf 90' lang='lat' dir='ltr'>p.</span> <span class='ocrx_word' id='word_1_40' title='bbox 1125 644 1217 684; x_wconf 87' lang='grc'><strong><em>551.</em></strong></span> <span class='ocrx_word' id='word_1_41' title='bbox 1234 644 1336 692; x_wconf 88' lang='grc'><strong><em>554;</em></strong></span> <span class='ocrx_word' id='word_1_42' title='bbox 1366 642 1402 683; x_wconf 91' lang='lat' dir='ltr'>is</span> <span class='ocrx_word' id='word_1_43' title='bbox 1436 642 1471 682; x_wconf 88' lang='lat' dir='ltr'>ei</span> <span class='ocrx_word' id='word_1_44' title='bbox 1503 642 1825 684; x_wconf 83' lang='lat' dir='ltr'>matrimonium</span> <span class='ocrx_word' id='word_1_45' title='bbox 1855 643 2077 697; x_wconf 87' lang='lat' dir='ltr'>promittit,</span> 
     </span>
     <span class='ocr_line' id='line_1_6' title="bbox 350 709 2079 767; baseline 0.001 -16"><span class='ocrx_word' id='word_1_46' title='bbox 350 712 385 752; x_wconf 87' lang='lat' dir='ltr'>si</span> <span class='ocrx_word' id='word_1_47' title='bbox 407 712 584 766; x_wconf 91' lang='lat' dir='ltr'>imperio</span> <span class='ocrx_word' id='word_1_48' title='bbox 606 711 766 767; x_wconf 89' lang='lat' dir='ltr'>potitus</span> <span class='ocrx_word' id='word_1_49' title='bbox 788 709 940 752; x_wconf 89' lang='lat' dir='ltr'>fuisset</span> <span class='ocrx_word' id='word_1_50' title='bbox 961 709 1083 752; x_wconf 76' lang='lat' dir='ltr'>Suet.</span> <span class='ocrx_word' id='word_1_51' title='bbox 1113 709 1205 752; x_wconf 70' lang='lat' dir='ltr'><strong><em>Cal.</em></strong></span> <span class='ocrx_word' id='word_1_52' title='bbox 1228 713 1297 752; x_wconf 91' lang='lat'>12.</span> <span class='ocrx_word' id='word_1_53' title='bbox 1345 709 1501 752; x_wconf 87' lang='lat' dir='ltr'>Postea</span> <span class='ocrx_word' id='word_1_54' title='bbox 1526 709 1580 752; x_wconf 89' lang='lat' dir='ltr'>ab</span> <span class='ocrx_word' id='word_1_55' title='bbox 1611 709 1762 751; x_wconf 90' lang='lat' dir='ltr'>eodem</span> <span class='ocrx_word' id='word_1_56' title='bbox 1791 710 1903 752; x_wconf 87' lang='lat' dir='ltr'>mori</span> <span class='ocrx_word' id='word_1_57' title='bbox 1930 717 2079 752; x_wconf 84' lang='lat' dir='ltr'>coacta</span> 
     </span>
     <span class='ocr_line' id='line_1_7' title="bbox 353 776 2080 832; baseline 0.001 -12"><span class='ocrx_word' id='word_1_58' title='bbox 353 794 440 820; x_wconf 89' lang='lat' dir='ltr'>una</span> <span class='ocrx_word' id='word_1_59' title='bbox 480 793 576 820; x_wconf 91' lang='lat' dir='ltr'>cum</span> <span class='ocrx_word' id='word_1_60' title='bbox 613 779 765 820; x_wconf 86' lang='lat' dir='ltr'>marito</span> <span class='ocrx_word' id='word_1_61' title='bbox 795 777 927 819; x_wconf 80' lang='lat' dir='ltr'>Philo</span> <span class='ocrx_word' id='word_1_62' title='bbox 969 777 1043 832; x_wconf 69' lang='lat' dir='ltr'>leq.</span> <span class='ocrx_word' id='word_1_63' title='bbox 1083 777 1141 819; x_wconf 81' lang='lat' dir='ltr'>ad</span> <span class='ocrx_word' id='word_1_64' title='bbox 1176 776 1336 820; x_wconf 76' lang='lat' dir='ltr'>Gaium</span> <span class='ocrx_word' id='word_1_65' title='bbox 1363 791 1411 832; x_wconf 89' lang='lat' dir='ltr'>p.</span> <span class='ocrx_word' id='word_1_66' title='bbox 1441 780 1543 828; x_wconf 90' lang='grc'><strong><em>554,</em></strong></span> <span class='ocrx_word' id='word_1_67' title='bbox 1583 778 1629 820; x_wconf 73' lang='lat' dir='ltr'>in</span> <span class='ocrx_word' id='word_1_68' title='bbox 1657 777 1866 820; x_wconf 73' lang='lat' dir='ltr'>Flaccum</span> <span class='ocrx_word' id='word_1_69' title='bbox 1895 792 1943 832; x_wconf 84' lang='lat' dir='ltr'>p.</span> <span class='ocrx_word' id='word_1_70' title='bbox 1974 781 2080 831; x_wconf 84' lang='lat'><strong><em>519;</em></strong></span> 
     </span>
     <span class='ocr_line' id='line_1_8' title="bbox 354 845 987 897; baseline -0.002 -8"><span class='ocrx_word' id='word_1_71' title='bbox 354 846 470 889; x_wconf 76' lang='lat' dir='ltr'>Suet.</span> <span class='ocrx_word' id='word_1_72' title='bbox 500 846 591 888; x_wconf 78' lang='lat' dir='ltr'><strong><em>Cal.</em></strong></span> <span class='ocrx_word' id='word_1_73' title='bbox 614 850 672 889; x_wconf 86' lang='grc'>26</span> <span class='ocrx_word' id='word_1_74' title='bbox 681 860 694 897; x_wconf 88' lang='grc'><strong><em>;</em></strong></span> <span class='ocrx_word' id='word_1_75' title='bbox 723 845 811 888; x_wconf 68' lang='lat' dir='ltr'>Dio</span> <span class='ocrx_word' id='word_1_76' title='bbox 831 848 897 896; x_wconf 92' lang='lat'>59,</span> <span class='ocrx_word' id='word_1_77' title='bbox 921 848 987 888; x_wconf 85' lang='lat'><strong><em>10.</em></strong></span> 
     </span>
    </p>

    <p class='ocr_par' dir='ltr' id='par_1_3' title="bbox 267 913 2078 1173">
     <span class='ocr_line' id='line_1_9' title="bbox 267 913 2078 971; baseline 0.001 -15"><span class='ocrx_word' id='word_1_78' title='bbox 267 914 322 956; x_wconf 84' lang='lat'>48</span> <span class='ocrx_word' id='word_1_79' title='bbox 356 914 562 969; x_wconf 83' lang='lat' dir='ltr'>Entellus,</span> <span class='ocrx_word' id='word_1_80' title='bbox 585 915 833 956; x_wconf 89' lang='lat' dir='ltr'>Domitiano</span> <span class='ocrx_word' id='word_1_81' title='bbox 856 929 881 956; x_wconf 89' lang='lat' dir='ltr'>a</span> <span class='ocrx_word' id='word_1_82' title='bbox 902 913 1070 968; x_wconf 85' lang='lat' dir='ltr'>libellis,</span> <span class='ocrx_word' id='word_1_83' title='bbox 1096 914 1401 956; x_wconf 87' lang='lat' dir='ltr'>coniurationis</span> <span class='ocrx_word' id='word_1_84' title='bbox 1423 914 1467 955; x_wconf 93' lang='lat' dir='ltr'>in</span> <span class='ocrx_word' id='word_1_85' title='bbox 1490 929 1587 956; x_wconf 94' lang='lat' dir='ltr'>eum</span> <span class='ocrx_word' id='word_1_86' title='bbox 1608 915 1823 971; x_wconf 85' lang='lat' dir='ltr'>particeps</span> <span class='ocrx_word' id='word_1_87' title='bbox 1838 914 1927 957; x_wconf 71' lang='lat' dir='ltr'>Dio</span> <span class='ocrx_word' id='word_1_88' title='bbox 1943 918 2008 966; x_wconf 83' lang='lat'>67,</span> <span class='ocrx_word' id='word_1_89' title='bbox 2026 918 2078 959; x_wconf 88' lang='grc'>15</span> 
     </span>
     <span class='ocr_line' id='line_1_10' title="bbox 354 982 2077 1040; baseline 0.001 -16"><span class='ocrx_word' id='word_1_90' title='bbox 354 982 476 1034; x_wconf 88' lang='lat' dir='ltr'>(Zon.</span> <span class='ocrx_word' id='word_1_91' title='bbox 502 986 567 1032; x_wconf 91' lang='grc'>11,</span> <span class='ocrx_word' id='word_1_92' title='bbox 590 985 673 1038; x_wconf 88' lang='lat'><strong><em>19).</em></strong></span> <span class='ocrx_word' id='word_1_93' title='bbox 729 983 898 1024; x_wconf 89' lang='lat' dir='ltr'>Domus</span> <span class='ocrx_word' id='word_1_94' title='bbox 929 983 1022 1024; x_wconf 88' lang='lat' dir='ltr'>eius</span> <span class='ocrx_word' id='word_1_95' title='bbox 1045 982 1272 1024; x_wconf 68' lang='lat' dir='ltr'>Martialis</span> <span class='ocrx_word' id='word_1_96' title='bbox 1299 985 1339 1033; x_wconf 92' lang='lat'>8,</span> <span class='ocrx_word' id='word_1_97' title='bbox 1363 985 1427 1025; x_wconf 91' lang='lat'>68.</span> <span class='ocrx_word' id='word_1_98' title='bbox 1474 982 1547 1024; x_wconf 75' lang='lat' dir='ltr'>Ex</span> <span class='ocrx_word' id='word_1_99' title='bbox 1574 983 1705 1024; x_wconf 73' lang='lat' dir='ltr'>servis</span> <span class='ocrx_word' id='word_1_100' title='bbox 1734 983 1821 1025; x_wconf 74' lang='lat' dir='ltr'>eius</span> <span class='ocrx_word' id='word_1_101' title='bbox 1841 983 1900 1028; x_wconf 92' lang='lat' dir='ltr'>M.</span> <span class='ocrx_word' id='word_1_102' title='bbox 1922 983 2077 1040; x_wconf 91' lang='lat' dir='ltr'>Ulpius</span> 
     </span>
     <span class='ocr_line' id='line_1_11' title="bbox 352 1049 2076 1107; baseline 0.001 -15"><span class='ocrx_word' id='word_1_103' title='bbox 352 1049 465 1105; x_wconf 88' lang='lat' dir='ltr'>Aug.</span> <span class='ocrx_word' id='word_1_104' title='bbox 500 1049 572 1092; x_wconf 92' lang='lat' dir='ltr'>lib.</span> <span class='ocrx_word' id='word_1_105' title='bbox 605 1050 766 1092; x_wconf 88' lang='lat' dir='ltr'>Cladus</span> <span class='ocrx_word' id='word_1_106' title='bbox 799 1050 1066 1092; x_wconf 84' lang='lat' dir='ltr'>Entellianus</span> <span class='ocrx_word' id='word_1_107' title='bbox 1097 1050 1335 1094; x_wconf 69' lang='lat' dir='ltr'>I‘Vilmanns</span> <span class='ocrx_word' id='word_1_108' title='bbox 1363 1053 1449 1094; x_wconf 90' lang='lat'>286</span> <span class='ocrx_word' id='word_1_109' title='bbox 1479 1051 1550 1106; x_wconf 81' lang='lat' dir='ltr'><strong><em>(cf.</em></strong></span> <span class='ocrx_word' id='word_1_110' title='bbox 1582 1050 1869 1094; x_wconf 72' lang='lat' dir='ltr'>Friedlcmder</span> <span class='ocrx_word' id='word_1_111' title='bbox 1899 1051 2076 1107; x_wconf 59' lang='lat' dir='ltr'>Sittena.</span> 
     </span>
     <span class='ocr_line' id='line_1_12' title="bbox 361 1118 1628 1173; baseline 0.001 -13"><span class='ocrx_word' id='word_1_112' title='bbox 361 1119 415 1160; x_wconf 84' lang='lat'>1⁶</span> <span class='ocrx_word' id='word_1_113' title='bbox 437 1133 485 1172; x_wconf 85' lang='lat' dir='ltr'>p.</span> <span class='ocrx_word' id='word_1_114' title='bbox 508 1118 619 1173; x_wconf 87' lang='lat'><strong><em>178).</em></strong></span> <span class='ocrx_word' id='word_1_115' title='bbox 1622 1154 1628 1157; x_wconf 83' lang='grc'><em>.</em></span> 
     </span>
    </p>

    <p class='ocr_par' dir='ltr' id='par_1_4' title="bbox 267 1186 2103 1511">
     <span class='ocr_line' id='line_1_13' title="bbox 267 1186 2103 1244; baseline 0.001 -16"><span class='ocrx_word' id='word_1_116' title='bbox 267 1186 323 1228; x_wconf 84' lang='grc'>49</span> <span class='ocrx_word' id='word_1_117' title='bbox 354 1186 608 1243; x_wconf 85' lang='lat' dir='ltr'>Epagathus</span> <span class='ocrx_word' id='word_1_118' title='bbox 624 1187 738 1242; x_wconf 88' lang='lat' dir='ltr'>Aug.</span> <span class='ocrx_word' id='word_1_119' title='bbox 760 1186 789 1229; x_wconf 93' lang='lat' dir='ltr'><strong><em>l.</em></strong></span> <span class='ocrx_word' id='word_1_120' title='bbox 808 1186 1090 1244; x_wconf 80' lang='grc' dir='ltr'>(Καισάρειος),</span> <span class='ocrx_word' id='word_1_121' title='bbox 1112 1187 1295 1230; x_wconf 92' lang='lat' dir='ltr'>multum</span> <span class='ocrx_word' id='word_1_122' title='bbox 1315 1193 1455 1244; x_wconf 88' lang='lat' dir='ltr'>potest</span> <span class='ocrx_word' id='word_1_123' title='bbox 1475 1187 1556 1230; x_wconf 91' lang='lat' dir='ltr'>sub</span> <span class='ocrx_word' id='word_1_124' title='bbox 1574 1187 1799 1230; x_wconf 86' lang='lat' dir='ltr'>Caracalla</span> <span class='ocrx_word' id='word_1_125' title='bbox 1814 1187 1902 1230; x_wconf 72' lang='lat' dir='ltr'>Dio</span> <span class='ocrx_word' id='word_1_126' title='bbox 1919 1191 1985 1240; x_wconf 85' lang='lat'>77,</span> <span class='ocrx_word' id='word_1_127' title='bbox 2006 1192 2076 1232; x_wconf 91' lang='lat'>21.</span> <span class='ocrx_word' id='word_1_128' title='bbox 2096 1212 2103 1215; x_wconf 28' lang='grc' dir='ltr'>’ν</span> 
     </span>
     <span class='ocr_line' id='line_1_14' title="bbox 354 1255 2077 1312; baseline 0.002 -16"><span class='ocrx_word' id='word_1_129' title='bbox 354 1255 474 1297; x_wconf 88' lang='lat' dir='ltr'>Idem</span> <span class='ocrx_word' id='word_1_130' title='bbox 496 1262 544 1297; x_wconf 89' lang='lat' dir='ltr'>ut</span> <span class='ocrx_word' id='word_1_131' title='bbox 560 1255 732 1297; x_wconf 89' lang='lat' dir='ltr'>videtur</span> <span class='ocrx_word' id='word_1_132' title='bbox 753 1262 850 1312; x_wconf 90' lang='lat' dir='ltr'>post</span> <span class='ocrx_word' id='word_1_133' title='bbox 867 1270 1056 1311; x_wconf 89' lang='lat' dir='ltr'>pugnam</span> <span class='ocrx_word' id='word_1_134' title='bbox 1072 1255 1407 1298; x_wconf 88' lang='lat' dir='ltr'>Antiochensem</span> <span class='ocrx_word' id='word_1_135' title='bbox 1429 1271 1455 1298; x_wconf 85' lang='lat' dir='ltr'>a</span> <span class='ocrx_word' id='word_1_136' title='bbox 1469 1256 1664 1298; x_wconf 88' lang='lat' dir='ltr'>Macrino</span> <span class='ocrx_word' id='word_1_137' title='bbox 1680 1256 2077 1300; x_wconf 87' lang='lat' dir='ltr'>Diadumenianum</span> 
     </span>
     <span class='ocr_line' id='line_1_15' title="bbox 353 1323 2076 1380; baseline 0.001 -15"><span class='ocrx_word' id='word_1_138' title='bbox 353 1323 407 1365; x_wconf 88' lang='lat' dir='ltr'>ad</span> <span class='ocrx_word' id='word_1_139' title='bbox 439 1323 622 1366; x_wconf 88' lang='lat' dir='ltr'>Parthos</span> <span class='ocrx_word' id='word_1_140' title='bbox 654 1323 814 1365; x_wconf 87' lang='lat' dir='ltr'>ducere</span> <span class='ocrx_word' id='word_1_141' title='bbox 844 1325 985 1366; x_wconf 91' lang='lat' dir='ltr'>iussus</span> <span class='ocrx_word' id='word_1_142' title='bbox 1005 1323 1093 1366; x_wconf 65' lang='lat' dir='ltr'>Dio</span> <span class='ocrx_word' id='word_1_143' title='bbox 1115 1327 1180 1375; x_wconf 86' lang='lat'>78,</span> <span class='ocrx_word' id='word_1_144' title='bbox 1201 1327 1268 1366; x_wconf 82' lang='lat'><strong><em>39.</em></strong></span> <span class='ocrx_word' id='word_1_145' title='bbox 1314 1324 1436 1367; x_wconf 91' lang='lat' dir='ltr'>Idem</span> <span class='ocrx_word' id='word_1_146' title='bbox 1462 1331 1565 1380; x_wconf 82' lang='lat' dir='ltr'>puto</span> <span class='ocrx_word' id='word_1_147' title='bbox 1589 1324 1669 1366; x_wconf 90' lang='lat' dir='ltr'>sub</span> <span class='ocrx_word' id='word_1_148' title='bbox 1690 1324 1955 1380; x_wconf 86' lang='lat' dir='ltr'>Alexandro,</span> <span class='ocrx_word' id='word_1_149' title='bbox 1981 1340 2076 1367; x_wconf 90' lang='lat' dir='ltr'>cum</span> 
     </span>
     <span class='ocr_line' id='line_1_16' title="bbox 353 1391 2078 1450; baseline 0.002 -17"><span class='ocrx_word' id='word_1_150' title='bbox 353 1406 482 1433; x_wconf 85' lang='lat' dir='ltr'>causa</span> <span class='ocrx_word' id='word_1_151' title='bbox 521 1393 639 1434; x_wconf 87' lang='lat' dir='ltr'>necis</span> <span class='ocrx_word' id='word_1_152' title='bbox 670 1391 858 1448; x_wconf 89' lang='lat' dir='ltr'>Ulpiano</span> <span class='ocrx_word' id='word_1_153' title='bbox 889 1392 1059 1447; x_wconf 87' lang='lat' dir='ltr'>fuisset,</span> <span class='ocrx_word' id='word_1_154' title='bbox 1102 1392 1182 1434; x_wconf 89' lang='lat' dir='ltr'>sub</span> <span class='ocrx_word' id='word_1_155' title='bbox 1212 1393 1355 1448; x_wconf 89' lang='lat' dir='ltr'>specie</span> <span class='ocrx_word' id='word_1_156' title='bbox 1394 1392 1691 1448; x_wconf 85' lang='lat' dir='ltr'>praefecturae</span> <span class='ocrx_word' id='word_1_157' title='bbox 1721 1392 1910 1450; x_wconf 85' lang='lat' dir='ltr'>Aegypti</span> <span class='ocrx_word' id='word_1_158' title='bbox 1940 1395 2078 1436; x_wconf 89' lang='lat' dir='ltr'>Roma</span> 
     </span>
     <span class='ocr_line' id='line_1_17' title="bbox 352 1459 1561 1511; baseline 0.001 -9"><span class='ocrx_word' id='word_1_159' title='bbox 352 1467 541 1502; x_wconf 88' lang='lat' dir='ltr'>remotus</span> <span class='ocrx_word' id='word_1_160' title='bbox 574 1467 615 1502; x_wconf 89' lang='lat' dir='ltr'>et</span> <span class='ocrx_word' id='word_1_161' title='bbox 644 1461 688 1502; x_wconf 93' lang='lat' dir='ltr'>in</span> <span class='ocrx_word' id='word_1_162' title='bbox 720 1459 860 1502; x_wconf 92' lang='lat' dir='ltr'>insula</span> <span class='ocrx_word' id='word_1_163' title='bbox 888 1460 1018 1503; x_wconf 89' lang='lat' dir='ltr'>Creta</span> <span class='ocrx_word' id='word_1_164' title='bbox 1048 1459 1300 1503; x_wconf 87' lang='lat' dir='ltr'>interfectus</span> <span class='ocrx_word' id='word_1_165' title='bbox 1320 1460 1409 1503; x_wconf 73' lang='lat' dir='ltr'>Dio</span> <span class='ocrx_word' id='word_1_166' title='bbox 1427 1463 1495 1511; x_wconf 87' lang='grc'>80,</span> <span class='ocrx_word' id='word_1_167' title='bbox 1517 1464 1561 1504; x_wconf 91' lang='grc'>2.</span> 
     </span>
    </p>

    <p class='ocr_par' dir='ltr' id='par_1_5' title="bbox 266 1528 2077 1649">
     <span class='ocr_line' id='line_1_18' title="bbox 266 1528 2077 1586; baseline 0.001 -16"><span class='ocrx_word' id='word_1_168' title='bbox 266 1529 320 1571; x_wconf 89' lang='grc'>50</span> <span class='ocrx_word' id='word_1_169' title='bbox 351 1528 673 1585; x_wconf 85' lang='lat' dir='ltr'>Epaphroditus</span> <span class='ocrx_word' id='word_1_170' title='bbox 715 1528 911 1572; x_wconf 83' lang='lat' dir='ltr'>Caesaris</span> <span class='ocrx_word' id='word_1_171' title='bbox 941 1528 1055 1583; x_wconf 85' lang='lat' dir='ltr'>Aug.</span> <span class='ocrx_word' id='word_1_172' title='bbox 1097 1528 1136 1582; x_wconf 92' lang='lat' dir='ltr'><strong><em>l.,</em></strong></span> <span class='ocrx_word' id='word_1_173' title='bbox 1179 1535 1306 1585; x_wconf 86' lang='lat' dir='ltr'>capta</span> <span class='ocrx_word' id='word_1_174' title='bbox 1334 1528 1612 1571; x_wconf 85' lang='lat' dir='ltr'>Alexandrea</span> <span class='ocrx_word' id='word_1_175' title='bbox 1640 1529 1895 1586; x_wconf 82' lang='lat' dir='ltr'>Cleopatrae</span> <span class='ocrx_word' id='word_1_176' title='bbox 1935 1537 2077 1573; x_wconf 90' lang='lat' dir='ltr'>custos</span> 
     </span>
     <span class='ocr_line' id='line_1_19' title="bbox 351 1596 1867 1649; baseline 0.001 -10"><span class='ocrx_word' id='word_1_177' title='bbox 351 1597 476 1639; x_wconf 88' lang='lat' dir='ltr'>datus</span> <span class='ocrx_word' id='word_1_178' title='bbox 506 1613 531 1639; x_wconf 90' lang='lat' dir='ltr'>a</span> <span class='ocrx_word' id='word_1_179' title='bbox 563 1596 748 1639; x_wconf 88' lang='lat' dir='ltr'>Caesare</span> <span class='ocrx_word' id='word_1_180' title='bbox 768 1597 889 1639; x_wconf 77' lang='lat' dir='ltr'>Plut.</span> <span class='ocrx_word' id='word_1_181' title='bbox 911 1596 1071 1639; x_wconf 81' lang='lat' dir='ltr'>Anton.</span> <span class='ocrx_word' id='word_1_182' title='bbox 1093 1600 1168 1648; x_wconf 80' lang='lat'>79‚·</span> <span class='ocrx_word' id='word_1_183' title='bbox 1197 1596 1284 1639; x_wconf 63' lang='lat' dir='ltr'>Dio</span> <span class='ocrx_word' id='word_1_184' title='bbox 1304 1600 1370 1647; x_wconf 86' lang='lat'>51,</span> <span class='ocrx_word' id='word_1_185' title='bbox 1392 1600 1458 1638; x_wconf 89' lang='lat'>10.</span> <span class='ocrx_word' id='word_1_186' title='bbox 1480 1600 1556 1649; x_wconf 84' lang='lat'><strong><em>13,·</em></strong></span> <span class='ocrx_word' id='word_1_187' title='bbox 1586 1598 1690 1640; x_wconf 90' lang='lat' dir='ltr'>Zon.</span> <span class='ocrx_word' id='word_1_188' title='bbox 1712 1602 1778 1649; x_wconf 87' lang='lat'>10,</span> <span class='ocrx_word' id='word_1_189' title='bbox 1801 1601 1867 1640; x_wconf 81' lang='lat'><strong><em>31.</em></strong></span> 
     </span>
    </p>

    <p class='ocr_par' dir='ltr' id='par_1_6' title="bbox 266 1665 2079 1721">
     <span class='ocr_line' id='line_1_20' title="bbox 266 1665 2079 1721; baseline 0.001 -14"><span class='ocrx_word' id='word_1_190' title='bbox 266 1666 316 1707; x_wconf 86' lang='lat'>51</span> <span class='ocrx_word' id='word_1_191' title='bbox 351 1665 686 1721; x_wconf 85' lang='lat' dir='ltr'>Epaphroditus,</span> <span class='ocrx_word' id='word_1_192' title='bbox 717 1665 902 1707; x_wconf 88' lang='lat' dir='ltr'>Neronis</span> <span class='ocrx_word' id='word_1_193' title='bbox 928 1665 1108 1708; x_wconf 89' lang='lat' dir='ltr'>libertus</span> <span class='ocrx_word' id='word_1_194' title='bbox 1135 1666 1233 1707; x_wconf 79' lang='lat' dir='ltr'><strong><em>Tac.</em></strong></span> <span class='ocrx_word' id='word_1_195' title='bbox 1257 1680 1296 1707; x_wconf 88' lang='lat' dir='ltr'>a.</span> <span class='ocrx_word' id='word_1_196' title='bbox 1318 1668 1382 1716; x_wconf 88' lang='lat'>15,</span> <span class='ocrx_word' id='word_1_197' title='bbox 1404 1668 1469 1715; x_wconf 89' lang='lat'>55,</span> <span class='ocrx_word' id='word_1_198' title='bbox 1502 1681 1527 1708; x_wconf 88' lang='lat' dir='ltr'>a</span> <span class='ocrx_word' id='word_1_199' title='bbox 1547 1665 1704 1708; x_wconf 87' lang='lat' dir='ltr'>libellis</span> <span class='ocrx_word' id='word_1_200' title='bbox 1726 1667 1817 1708; x_wconf 89' lang='lat' dir='ltr'>eius</span> <span class='ocrx_word' id='word_1_201' title='bbox 1838 1667 2079 1720; x_wconf 87' lang='lat' dir='ltr'>(successor</span> 
     </span>
    </p>

    <p class='ocr_par' dir='ltr' id='par_1_7' title="bbox 283 1733 2086 2743">
     <span class='ocr_line' id='line_1_21' title="bbox 283 1733 2077 1792; baseline 0.002 -20"><span class='ocrx_word' id='word_1_202' title='bbox 283 1769 287 1772; x_wconf 89' lang='lat'><strong><em>.</em></strong></span> <span class='ocrx_word' id='word_1_203' title='bbox 351 1740 400 1776; x_wconf 90' lang='lat' dir='ltr'>ut</span> <span class='ocrx_word' id='word_1_204' title='bbox 425 1733 598 1775; x_wconf 88' lang='lat' dir='ltr'>videtur</span> <span class='ocrx_word' id='word_1_205' title='bbox 618 1733 869 1790; x_wconf 89' lang='lat' dir='ltr'>Doryphori</span> <span class='ocrx_word' id='word_1_206' title='bbox 892 1733 1082 1776; x_wconf 89' lang='lat' dir='ltr'>defuncti</span> <span class='ocrx_word' id='word_1_207' title='bbox 1105 1749 1142 1776; x_wconf 87' lang='lat' dir='ltr'>a.</span> <span class='ocrx_word' id='word_1_208' title='bbox 1165 1735 1238 1787; x_wconf 88' lang='grc'>62)</span> <span class='ocrx_word' id='word_1_209' title='bbox 1262 1734 1377 1777; x_wconf 77' lang='lat' dir='ltr'>Suet.</span> <span class='ocrx_word' id='word_1_210' title='bbox 1403 1734 1506 1776; x_wconf 76' lang='lat' dir='ltr'>Ner.</span> <span class='ocrx_word' id='word_1_211' title='bbox 1533 1737 1587 1776; x_wconf 89' lang='grc'>49</span> <span class='ocrx_word' id='word_1_212' title='bbox 1609 1735 1703 1788; x_wconf 87' lang='grc' dir='ltr'>(τῶν</span> <span class='ocrx_word' id='word_1_213' title='bbox 1725 1737 2077 1792; x_wconf 81' lang='grc' dir='ltr'>σωματοφυλάκων</span> 
     </span>
     <span class='ocr_line' id='line_1_22' title="bbox 351 1801 2076 1860; baseline 0 -16"><span class='ocrx_word' id='word_1_214' title='bbox 351 1806 419 1844; x_wconf 80' lang='grc' dir='ltr'>τοῦ</span> <span class='ocrx_word' id='word_1_215' title='bbox 445 1802 638 1860; x_wconf 82' lang='grc' dir='ltr'>βασιλέως</span> <span class='ocrx_word' id='word_1_216' title='bbox 667 1801 852 1859; x_wconf 79' lang='grc' dir='ltr'>Νέρωνος</span> <span class='ocrx_word' id='word_1_217' title='bbox 876 1801 1036 1844; x_wconf 73' lang='lat' dir='ltr'>Suidas</span> <span class='ocrx_word' id='word_1_218' title='bbox 1062 1815 1094 1844; x_wconf 82' lang='grc'>3.</span> <span class='ocrx_word' id='word_1_219' title='bbox 1125 1815 1161 1844; x_wconf 83' lang='lat' dir='ltr'>v.</span> <span class='ocrx_word' id='word_1_220' title='bbox 1191 1801 1431 1859; x_wconf 81' lang='grc' dir='ltr'><strong><em>Ἐπίκτητος,</em></strong></span> <span class='ocrx_word' id='word_1_221' title='bbox 1464 1816 1626 1853; x_wconf 77' lang='lat' dir='ltr'>errans,</span> <span class='ocrx_word' id='word_1_222' title='bbox 1658 1803 1730 1845; x_wconf 70' lang='lat' dir='ltr'>vix</span> <span class='ocrx_word' id='word_1_223' title='bbox 1760 1803 1892 1845; x_wconf 79' lang='lat' dir='ltr'>alium</span> <span class='ocrx_word' id='word_1_224' title='bbox 1917 1802 2076 1845; x_wconf 77' lang='lat' dir='ltr'>intelle-</span> 
     </span>
     <span class='ocr_line' id='line_1_23' title="bbox 349 1869 2078 1927; baseline 0.001 -16"><span class='ocrx_word' id='word_1_225' title='bbox 349 1873 478 1925; x_wconf 71' lang='lat' dir='ltr'>⁴qens),</span> <span class='ocrx_word' id='word_1_226' title='bbox 511 1876 661 1926; x_wconf 89' lang='lat' dir='ltr'>postea</span> <span class='ocrx_word' id='word_1_227' title='bbox 690 1870 939 1912; x_wconf 90' lang='lat' dir='ltr'>Domitiano</span> <span class='ocrx_word' id='word_1_228' title='bbox 970 1885 995 1912; x_wconf 90' lang='lat' dir='ltr'>a</span> <span class='ocrx_word' id='word_1_229' title='bbox 1026 1869 1180 1912; x_wconf 89' lang='lat' dir='ltr'>libellis</span> <span class='ocrx_word' id='word_1_230' title='bbox 1204 1870 1319 1913; x_wconf 78' lang='lat' dir='ltr'>Suet.</span> <span class='ocrx_word' id='word_1_231' title='bbox 1341 1869 1467 1912; x_wconf 82' lang='lat' dir='ltr'>Dom.</span> <span class='ocrx_word' id='word_1_232' title='bbox 1489 1874 1554 1913; x_wconf 90' lang='grc'>14.</span> <span class='ocrx_word' id='word_1_233' title='bbox 1601 1871 1869 1913; x_wconf 86' lang='lat' dir='ltr'>Memoratur</span> <span class='ocrx_word' id='word_1_234' title='bbox 1892 1872 2078 1927; x_wconf 92' lang='lat' dir='ltr'>primum</span> 
     </span>
     <span class='ocr_line' id='line_1_24' title="bbox 349 1938 2078 1995; baseline 0.001 -16"><span class='ocrx_word' id='word_1_235' title='bbox 349 1953 387 1979; x_wconf 92' lang='lat' dir='ltr'><strong><em>a.</em></strong></span> <span class='ocrx_word' id='word_1_236' title='bbox 411 1939 464 1980; x_wconf 89' lang='grc'>65</span> <span class='ocrx_word' id='word_1_237' title='bbox 500 1939 598 1980; x_wconf 76' lang='lat' dir='ltr'><strong><em>Tac.</em></strong></span> <span class='ocrx_word' id='word_1_238' title='bbox 627 1953 666 1980; x_wconf 80' lang='lat' dir='ltr'><strong><em>a.</em></strong></span> <span class='ocrx_word' id='word_1_239' title='bbox 690 1941 754 1989; x_wconf 89' lang='grc'>15,</span> <span class='ocrx_word' id='word_1_240' title='bbox 776 1941 841 1981; x_wconf 86' lang='grc'>55.</span> <span class='ocrx_word' id='word_1_241' title='bbox 897 1938 949 1981; x_wconf 92' lang='lat' dir='ltr'>A.</span> <span class='ocrx_word' id='word_1_242' title='bbox 972 1938 1026 1981; x_wconf 85' lang='lat'>68</span> <span class='ocrx_word' id='word_1_243' title='bbox 1058 1945 1287 1995; x_wconf 90' lang='lat' dir='ltr'>patronum</span> <span class='ocrx_word' id='word_1_244' title='bbox 1316 1939 1453 1981; x_wconf 89' lang='lat' dir='ltr'>Roma</span> <span class='ocrx_word' id='word_1_245' title='bbox 1479 1938 1711 1995; x_wconf 88' lang='lat' dir='ltr'>profugum</span> <span class='ocrx_word' id='word_1_246' title='bbox 1742 1941 1972 1981; x_wconf 87' lang='lat' dir='ltr'>comitatur</span> <span class='ocrx_word' id='word_1_247' title='bbox 1990 1939 2078 1981; x_wconf 64' lang='lat' dir='ltr'>Dio</span> 
     </span>
     <span class='ocr_line' id='line_1_25' title="bbox 350 2006 2075 2063; baseline 0.001 -15"><span class='ocrx_word' id='word_1_248' title='bbox 350 2009 414 2056; x_wconf 84' lang='lat'>63,</span> <span class='ocrx_word' id='word_1_249' title='bbox 428 2009 488 2049; x_wconf 89' lang='lat'>27</span> <span class='ocrx_word' id='word_1_250' title='bbox 495 2020 508 2058; x_wconf 89' lang='grc'>,·</span> <span class='ocrx_word' id='word_1_251' title='bbox 534 2006 675 2048; x_wconf 64' lang='lat' dir='ltr'>Victor</span> <span class='ocrx_word' id='word_1_252' title='bbox 691 2021 752 2061; x_wconf 76' lang='lat' dir='ltr'>ep.</span> <span class='ocrx_word' id='word_1_253' title='bbox 765 2010 803 2057; x_wconf 89' lang='lat'>5,</span> <span class='ocrx_word' id='word_1_254' title='bbox 828 2021 1013 2063; x_wconf 90' lang='lat' dir='ltr'>eumque</span> <span class='ocrx_word' id='word_1_255' title='bbox 1029 2006 1191 2049; x_wconf 86' lang='lat' dir='ltr'>ferrum</span> <span class='ocrx_word' id='word_1_256' title='bbox 1208 2006 1290 2049; x_wconf 88' lang='lat' dir='ltr'>sibi</span> <span class='ocrx_word' id='word_1_257' title='bbox 1312 2007 1557 2061; x_wconf 86' lang='lat' dir='ltr'>adigentem</span> <span class='ocrx_word' id='word_1_258' title='bbox 1579 2007 1746 2049; x_wconf 83' lang='lat' dir='ltr'>adiuvit</span> <span class='ocrx_word' id='word_1_259' title='bbox 1763 2007 1878 2050; x_wconf 77' lang='lat' dir='ltr'>Suet.</span> <span class='ocrx_word' id='word_1_260' title='bbox 1893 2008 1997 2051; x_wconf 81' lang='lat' dir='ltr'>Ner.</span> <span class='ocrx_word' id='word_1_261' title='bbox 2008 2012 2075 2059; x_wconf 90' lang='grc'><strong><em>49,</em></strong></span> 
     </span>
     <span class='ocr_line' id='line_1_26' title="bbox 350 2073 2078 2128; baseline 0.002 -12"><span class='ocrx_word' id='word_1_262' title='bbox 350 2073 474 2116; x_wconf 80' lang='lat' dir='ltr'>Dom.</span> <span class='ocrx_word' id='word_1_263' title='bbox 497 2078 574 2126; x_wconf 88' lang='grc'><strong><em>14,·</em></strong></span> <span class='ocrx_word' id='word_1_264' title='bbox 602 2074 690 2117; x_wconf 65' lang='lat' dir='ltr'>Dio</span> <span class='ocrx_word' id='word_1_265' title='bbox 711 2078 775 2125; x_wconf 78' lang='lat'>63,</span> <span class='ocrx_word' id='word_1_266' title='bbox 798 2078 868 2118; x_wconf 91' lang='lat'>29.</span> <span class='ocrx_word' id='word_1_267' title='bbox 922 2075 991 2118; x_wconf 93' lang='lat' dir='ltr'>Ob</span> <span class='ocrx_word' id='word_1_268' title='bbox 1021 2075 1066 2117; x_wconf 93' lang='lat' dir='ltr'>id</span> <span class='ocrx_word' id='word_1_269' title='bbox 1096 2090 1122 2116; x_wconf 91' lang='lat' dir='ltr'>a</span> <span class='ocrx_word' id='word_1_270' title='bbox 1151 2075 1400 2117; x_wconf 88' lang='lat' dir='ltr'>Domitiano</span> <span class='ocrx_word' id='word_1_271' title='bbox 1435 2074 1687 2117; x_wconf 87' lang='lat' dir='ltr'>interfectus</span> <span class='ocrx_word' id='word_1_272' title='bbox 1710 2075 1826 2118; x_wconf 80' lang='lat' dir='ltr'>Suet.</span> <span class='ocrx_word' id='word_1_273' title='bbox 1854 2075 1981 2120; x_wconf 83' lang='lat' dir='ltr'>Dom.</span> <span class='ocrx_word' id='word_1_274' title='bbox 2002 2080 2056 2120; x_wconf 89' lang='grc'>14</span> <span class='ocrx_word' id='word_1_275' title='bbox 2065 2091 2078 2128; x_wconf 84' lang='grc'>,-</span> 
     </span>
     <span class='ocr_line' id='line_1_27' title="bbox 349 2142 2076 2199; baseline 0.001 -15"><span class='ocrx_word' id='word_1_276' title='bbox 349 2142 438 2184; x_wconf 67' lang='lat' dir='ltr'>Dv&#39;o</span> <span class='ocrx_word' id='word_1_277' title='bbox 459 2146 524 2193; x_wconf 87' lang='lat'>67,</span> <span class='ocrx_word' id='word_1_278' title='bbox 546 2146 610 2185; x_wconf 86' lang='grc'>14.</span> <span class='ocrx_word' id='word_1_279' title='bbox 634 2168 690 2173; x_wconf 85' lang='grc'>-</span> <span class='ocrx_word' id='word_1_280' title='bbox 720 2143 827 2185; x_wconf 88' lang='lat' dir='ltr'>Eius</span> <span class='ocrx_word' id='word_1_281' title='bbox 857 2144 1023 2186; x_wconf 92' lang='lat' dir='ltr'>monitu</span> <span class='ocrx_word' id='word_1_282' title='bbox 1051 2143 1260 2199; x_wconf 88' lang='lat' dir='ltr'>Iosephus</span> <span class='ocrx_word' id='word_1_283' title='bbox 1297 2158 1365 2185; x_wconf 91' lang='lat' dir='ltr'>res</span> <span class='ocrx_word' id='word_1_284' title='bbox 1396 2143 1594 2186; x_wconf 87' lang='lat' dir='ltr'>Iudaicas</span> <span class='ocrx_word' id='word_1_285' title='bbox 1625 2143 1816 2186; x_wconf 90' lang='lat' dir='ltr'>scribere</span> <span class='ocrx_word' id='word_1_286' title='bbox 1846 2144 2076 2198; x_wconf 87' lang='lat' dir='ltr'>adgressus</span> 
     </span>
     <span class='ocr_line' id='line_1_28' title="bbox 351 2211 2078 2266; baseline 0.002 -14"><span class='ocrx_word' id='word_1_287' title='bbox 351 2217 414 2252; x_wconf 88' lang='lat' dir='ltr'>est</span> <span class='ocrx_word' id='word_1_288' title='bbox 443 2211 645 2265; x_wconf 75' lang='lat' dir='ltr'>Iosephus</span> <span class='ocrx_word' id='word_1_289' title='bbox 676 2214 763 2253; x_wconf 78' lang='lat' dir='ltr'>ant.</span> <span class='ocrx_word' id='word_1_290' title='bbox 795 2212 829 2253; x_wconf 92' lang='grc' dir='ltr'><em>Ι</em></span> <span class='ocrx_word' id='word_1_291' title='bbox 843 2225 1029 2266; x_wconf 80' lang='lat' dir='ltr'>prooem.</span> <span class='ocrx_word' id='word_1_292' title='bbox 1061 2215 1104 2262; x_wconf 91' lang='grc'>2,</span> <span class='ocrx_word' id='word_1_293' title='bbox 1140 2212 1211 2253; x_wconf 73' lang='lat' dir='ltr'><strong><em>vit.</em></strong></span> <span class='ocrx_word' id='word_1_294' title='bbox 1244 2226 1277 2254; x_wconf 80' lang='lat' dir='ltr'>c.</span> <span class='ocrx_word' id='word_1_295' title='bbox 1309 2215 1373 2254; x_wconf 92' lang='lat'>76.</span> <span class='ocrx_word' id='word_1_296' title='bbox 1430 2211 1501 2253; x_wconf 87' lang='lat' dir='ltr'>Ad</span> <span class='ocrx_word' id='word_1_297' title='bbox 1538 2226 1636 2255; x_wconf 90' lang='lat' dir='ltr'>eum</span> <span class='ocrx_word' id='word_1_298' title='bbox 1671 2212 1761 2254; x_wconf 88' lang='lat' dir='ltr'>dati</span> <span class='ocrx_word' id='word_1_299' title='bbox 1790 2212 1890 2254; x_wconf 89' lang='lat' dir='ltr'>libri</span> <span class='ocrx_word' id='word_1_300' title='bbox 1927 2219 2078 2255; x_wconf 87' lang='lat' dir='ltr'>contra</span> 
     </span>
     <span class='ocr_line' id='line_1_29' title="bbox 349 2279 2075 2336; baseline 0.002 -16"><span class='ocrx_word' id='word_1_301' title='bbox 349 2279 564 2335; x_wconf 91' lang='lat' dir='ltr'>Apionem</span> <span class='ocrx_word' id='word_1_302' title='bbox 594 2279 678 2321; x_wconf 91' lang='lat' dir='ltr'>duo</span> <span class='ocrx_word' id='word_1_303' title='bbox 708 2280 910 2333; x_wconf 76' lang='lat' dir='ltr'>Iosephus</span> <span class='ocrx_word' id='word_1_304' title='bbox 940 2294 973 2322; x_wconf 81' lang='lat' dir='ltr'><strong><em>c.</em></strong></span> <span class='ocrx_word' id='word_1_305' title='bbox 1005 2279 1088 2334; x_wconf 86' lang='lat' dir='ltr'>Ap.</span> <span class='ocrx_word' id='word_1_306' title='bbox 1112 2283 1150 2330; x_wconf 88' lang='lat'>1,</span> <span class='ocrx_word' id='word_1_307' title='bbox 1181 2284 1230 2331; x_wconf 92' lang='lat'>1,·</span> <span class='ocrx_word' id='word_1_308' title='bbox 1259 2284 1302 2330; x_wconf 90' lang='grc'>2,</span> <span class='ocrx_word' id='word_1_309' title='bbox 1333 2284 1370 2322; x_wconf 93' lang='grc'>1.</span> <span class='ocrx_word' id='word_1_310' title='bbox 1403 2283 1470 2323; x_wconf 88' lang='grc'>41.</span> <span class='ocrx_word' id='word_1_311' title='bbox 1512 2280 1676 2331; x_wconf 73' lang='lat' dir='ltr'>(Alium</span> <span class='ocrx_word' id='word_1_312' title='bbox 1710 2280 1820 2323; x_wconf 81' lang='lat' dir='ltr'>hunc</span> <span class='ocrx_word' id='word_1_313' title='bbox 1850 2280 2075 2336; x_wconf 82' lang='lat' dir='ltr'>Epaphro-</span> 
     </span>
     <span class='ocr_line' id='line_1_30' title="bbox 351 2347 2086 2404; baseline 0.002 -16"><span class='ocrx_word' id='word_1_314' title='bbox 351 2347 482 2389; x_wconf 74' lang='lat' dir='ltr'>ditum</span> <span class='ocrx_word' id='word_1_315' title='bbox 514 2351 775 2402; x_wconf 78' lang='lat' dir='ltr'>putaverunt</span> <span class='ocrx_word' id='word_1_316' title='bbox 817 2348 1031 2399; x_wconf 78' lang='lat' dir='ltr'>nonnulli,</span> <span class='ocrx_word' id='word_1_317' title='bbox 1073 2348 1127 2402; x_wconf 83' lang='lat' dir='ltr'><strong><em>cf.</em></strong></span> <span class='ocrx_word' id='word_1_318' title='bbox 1166 2348 1455 2391; x_wconf 66' lang='lat' dir='ltr'>Frv‘edlc&#39;tnder</span> <span class='ocrx_word' id='word_1_319' title='bbox 1495 2348 1770 2403; x_wconf 72' lang='lat' dir='ltr'>Sittenyesch.</span> <span class='ocrx_word' id='word_1_320' title='bbox 1811 2349 1866 2391; x_wconf 72' lang='grc' dir='ltr'>Ι6</span> <span class='ocrx_word' id='word_1_321' title='bbox 1899 2363 1949 2404; x_wconf 84' lang='lat' dir='ltr'>p.</span> <span class='ocrx_word' id='word_1_322' title='bbox 1980 2349 2086 2400; x_wconf 54' lang='lat'>178,</span> 
     </span>
     <span class='ocr_line' id='line_1_31' title="bbox 349 2416 2075 2471; baseline 0.002 -15"><span class='ocrx_word' id='word_1_323' title='bbox 349 2416 459 2468; x_wconf 75' lang='lat' dir='ltr'>quod</span> <span class='ocrx_word' id='word_1_324' title='bbox 485 2417 574 2458; x_wconf 68' lang='lat' dir='ltr'>vita</span> <span class='ocrx_word' id='word_1_325' title='bbox 603 2416 773 2470; x_wconf 78' lang='lat' dir='ltr'>Iosephi</span> <span class='ocrx_word' id='word_1_326' title='bbox 801 2417 963 2470; x_wconf 71' lang='lat' dir='ltr'>scripta</span> <span class='ocrx_word' id='word_1_327' title='bbox 992 2420 1096 2459; x_wconf 80' lang='lat' dir='ltr'>esset</span> <span class='ocrx_word' id='word_1_328' title='bbox 1121 2420 1222 2471; x_wconf 77' lang='lat' dir='ltr'>post</span> <span class='ocrx_word' id='word_1_329' title='bbox 1250 2431 1288 2459; x_wconf 86' lang='grc' dir='ltr'>α.</span> <span class='ocrx_word' id='word_1_330' title='bbox 1312 2420 1417 2468; x_wconf 89' lang='lat'><strong><em>100,·</em></strong></span> <span class='ocrx_word' id='word_1_331' title='bbox 1454 2417 1528 2459; x_wconf 82' lang='lat' dir='ltr'>sed</span> <span class='ocrx_word' id='word_1_332' title='bbox 1557 2431 1608 2458; x_wconf 82' lang='lat' dir='ltr'>ea</span> <span class='ocrx_word' id='word_1_333' title='bbox 1636 2417 1725 2458; x_wconf 66' lang='lat' dir='ltr'>vita</span> <span class='ocrx_word' id='word_1_334' title='bbox 1755 2416 1870 2459; x_wconf 73' lang='lat' dir='ltr'><em>edita</em></span> <span class='ocrx_word' id='word_1_335' title='bbox 1897 2420 1959 2459; x_wconf 79' lang='lat' dir='ltr'>est</span> <span class='ocrx_word' id='word_1_336' title='bbox 1984 2417 2075 2459; x_wconf 79' lang='lat' dir='ltr'>vivo</span> 
     </span>
     <span class='ocr_line' id='line_1_32' title="bbox 350 2482 2074 2541; baseline 0.001 -16"><span class='ocrx_word' id='word_1_337' title='bbox 350 2482 630 2539; x_wconf 66' lang='lat' dir='ltr'>Domitiano).</span> <span class='ocrx_word' id='word_1_338' title='bbox 691 2485 796 2526; x_wconf 86' lang='lat' dir='ltr'>Eius</span> <span class='ocrx_word' id='word_1_339' title='bbox 827 2484 1009 2527; x_wconf 86' lang='lat' dir='ltr'>libertus</span> <span class='ocrx_word' id='word_1_340' title='bbox 1040 2485 1224 2541; x_wconf 86' lang='lat' dir='ltr'>Pinytus</span> <span class='ocrx_word' id='word_1_341' title='bbox 1254 2486 1561 2540; x_wconf 86' lang='lat' dir='ltr'>grammaticus</span> <span class='ocrx_word' id='word_1_342' title='bbox 1585 2485 1828 2539; x_wconf 73' lang='lat' dir='ltr'>Stephanus</span> <span class='ocrx_word' id='word_1_343' title='bbox 1855 2484 1960 2540; x_wconf 67' lang='lat' dir='ltr'><strong><em>Byz.</em></strong></span> <span class='ocrx_word' id='word_1_344' title='bbox 1982 2498 2015 2527; x_wconf 84' lang='lat' dir='ltr'>s.</span> <span class='ocrx_word' id='word_1_345' title='bbox 2037 2499 2074 2527; x_wconf 82' lang='lat' dir='ltr'>v.</span> 
     </span>
     <span class='ocr_line' id='line_1_33' title="bbox 351 2551 2077 2610; baseline 0.001 -16"><span class='ocrx_word' id='word_1_346' title='bbox 351 2551 545 2595; x_wconf 79' lang='grc' dir='ltr'>Βιῦὐνιον.</span> <span class='ocrx_word' id='word_1_347' title='bbox 612 2553 718 2595; x_wconf 88' lang='lat' dir='ltr'>Eius</span> <span class='ocrx_word' id='word_1_348' title='bbox 759 2568 909 2595; x_wconf 86' lang='lat' dir='ltr'>servus</span> <span class='ocrx_word' id='word_1_349' title='bbox 950 2554 1175 2610; x_wconf 89' lang='lat' dir='ltr'>Epictetus</span> <span class='ocrx_word' id='word_1_350' title='bbox 1213 2553 1491 2609; x_wconf 87' lang='lat' dir='ltr'>philosophus</span> <span class='ocrx_word' id='word_1_351' title='bbox 1523 2553 1683 2596; x_wconf 73' lang='lat' dir='ltr'>Suidas</span> <span class='ocrx_word' id='word_1_352' title='bbox 1711 2566 1745 2595; x_wconf 85' lang='lat' dir='ltr'>s.</span> <span class='ocrx_word' id='word_1_353' title='bbox 1776 2567 1812 2595; x_wconf 85' lang='lat' dir='ltr'>v.</span> <span class='ocrx_word' id='word_1_354' title='bbox 1848 2552 2077 2610; x_wconf 82' lang='grc' dir='ltr'>Ἐπίκτητος</span> 
     </span>
     <span class='ocr_line' id='line_1_34' title="bbox 350 2619 2075 2678; baseline 0.001 -17"><span class='ocrx_word' id='word_1_355' title='bbox 350 2619 622 2671; x_wconf 79' lang='lat' dir='ltr'>(memoratur</span> <span class='ocrx_word' id='word_1_356' title='bbox 653 2621 750 2663; x_wconf 73' lang='lat' dir='ltr'>diss.</span> <span class='ocrx_word' id='word_1_357' title='bbox 777 2622 918 2675; x_wconf 64' lang='lat' dir='ltr'>Epv&#39;ct.</span> <span class='ocrx_word' id='word_1_358' title='bbox 942 2625 979 2671; x_wconf 88' lang='lat'>1,</span> <span class='ocrx_word' id='word_1_359' title='bbox 1002 2625 1040 2663; x_wconf 90' lang='lat'>1.</span> <span class='ocrx_word' id='word_1_360' title='bbox 1062 2625 1128 2664; x_wconf 89' lang='grc'>19.</span> <span class='ocrx_word' id='word_1_361' title='bbox 1151 2624 1238 2678; x_wconf 84' lang='grc'><em>26).</em></span> <span class='ocrx_word' id='word_1_362' title='bbox 1298 2621 1368 2663; x_wconf 94' lang='lat' dir='ltr'>Ab</span> <span class='ocrx_word' id='word_1_363' title='bbox 1400 2635 1449 2664; x_wconf 92' lang='lat' dir='ltr'>eo</span> <span class='ocrx_word' id='word_1_364' title='bbox 1476 2620 1679 2678; x_wconf 89' lang='lat' dir='ltr'>appellati</span> <span class='ocrx_word' id='word_1_365' title='bbox 1709 2621 1822 2664; x_wconf 89' lang='lat' dir='ltr'>horti</span> <span class='ocrx_word' id='word_1_366' title='bbox 1853 2621 2075 2678; x_wconf 87' lang='lat' dir='ltr'>Epaphro-</span> 
     </span>
     <span class='ocr_line' id='line_1_35' title="bbox 349 2688 935 2743; baseline 0.003 -14"><span class='ocrx_word' id='word_1_367' title='bbox 349 2688 501 2730; x_wconf 87' lang='lat' dir='ltr'>ditiani</span> <span class='ocrx_word' id='word_1_368' title='bbox 523 2688 761 2731; x_wconf 65' lang='lat' dir='ltr'>Frontinus</span> <span class='ocrx_word' id='word_1_369' title='bbox 781 2704 847 2743; x_wconf 78' lang='lat' dir='ltr'>aq.</span> <span class='ocrx_word' id='word_1_370' title='bbox 869 2692 935 2732; x_wconf 89' lang='lat'>68.</span> 
     </span>
    </p>

    <p class='ocr_par' dir='ltr' id='par_1_8' title="bbox 265 2755 2074 2880">
     <span class='ocr_line' id='line_1_36' title="bbox 265 2755 2074 2813; baseline 0.002 -16"><span class='ocrx_word' id='word_1_371' title='bbox 265 2756 319 2798; x_wconf 85' lang='lat'><strong><em>52</em></strong></span> <span class='ocrx_word' id='word_1_372' title='bbox 349 2755 684 2812; x_wconf 80' lang='lat' dir='ltr'>Epaphroditus,</span> <span class='ocrx_word' id='word_1_373' title='bbox 716 2757 828 2812; x_wconf 90' lang='lat' dir='ltr'>Aug.</span> <span class='ocrx_word' id='word_1_374' title='bbox 860 2757 900 2811; x_wconf 92' lang='lat' dir='ltr'><strong><em>l.,</em></strong></span> <span class='ocrx_word' id='word_1_375' title='bbox 933 2758 988 2800; x_wconf 88' lang='lat' dir='ltr'>ab</span> <span class='ocrx_word' id='word_1_376' title='bbox 1018 2757 1224 2813; x_wconf 85' lang='lat' dir='ltr'>epistulis,</span> <span class='ocrx_word' id='word_1_377' title='bbox 1259 2757 1392 2800; x_wconf 84' lang='lat' dir='ltr'>frater</span> <span class='ocrx_word' id='word_1_378' title='bbox 1423 2758 1651 2800; x_wconf 89' lang='lat' dir='ltr'>Fortunati</span> <span class='ocrx_word' id='word_1_379' title='bbox 1681 2757 1795 2812; x_wconf 89' lang='lat' dir='ltr'>Aug.</span> <span class='ocrx_word' id='word_1_380' title='bbox 1825 2757 1866 2813; x_wconf 92' lang='lat' dir='ltr'><strong><em>l.,</em></strong></span> <span class='ocrx_word' id='word_1_381' title='bbox 1903 2759 2074 2800; x_wconf 87' lang='lat' dir='ltr'>accensi</span> 
     </span>
     <span class='ocr_line' id='line_1_37' title="bbox 349 2824 959 2880; baseline 0.005 -15"><span class='ocrx_word' id='word_1_382' title='bbox 349 2824 439 2866; x_wconf 89' lang='lat' dir='ltr'>divi</span> <span class='ocrx_word' id='word_1_383' title='bbox 470 2825 726 2880; x_wconf 84' lang='lat' dir='ltr'>Vespasiani</span> <span class='ocrx_word' id='word_1_384' title='bbox 758 2826 826 2867; x_wconf 89' lang='lat' dir='ltr'>VI</span> <span class='ocrx_word' id='word_1_385' title='bbox 838 2828 959 2868; x_wconf 86' lang='lat'><strong><em>1887.</em></strong></span> 
     </span>
    </p>

    <p class='ocr_par' dir='ltr' id='par_1_9' title="bbox 263 2895 1148 2936">
     <span class='ocr_line' id='line_1_38' title="bbox 263 2895 1148 2936; baseline 0.002 -3"><span class='ocrx_word' id='word_1_386' title='bbox 263 2917 320 2922; x_wconf 92' lang='lat'>—</span> <span class='ocrx_word' id='word_1_387' title='bbox 350 2898 393 2934; x_wconf 91' lang='lat' dir='ltr'><strong><em>T.</em></strong></span> <span class='ocrx_word' id='word_1_388' title='bbox 424 2899 606 2935; x_wconf 87' lang='lat' dir='ltr'>AELIVS</span> <span class='ocrx_word' id='word_1_389' title='bbox 637 2895 889 2936; x_wconf 84' lang='lat' dir='ltr'>AVRELIVS</span> <span class='ocrx_word' id='word_1_390' title='bbox 918 2900 1148 2936; x_wconf 88' lang='lat' dir='ltr'>EPIANVS.</span> 
     </span>
    </p>

    <p class='ocr_par' dir='ltr' id='par_1_10' title="bbox 263 2965 792 3022">
     <span class='ocr_line' id='line_1_39' title="bbox 263 2965 792 3022; baseline 0.004 -14"><span class='ocrx_word' id='word_1_391' title='bbox 263 2991 320 2996; x_wconf 89' lang='lat'>—-</span> <span class='ocrx_word' id='word_1_392' title='bbox 351 2965 528 3008; x_wconf 89' lang='lat' dir='ltr'>Asinius</span> <span class='ocrx_word' id='word_1_393' title='bbox 559 2966 792 3022; x_wconf 87' lang='lat' dir='ltr'>Epicadus.</span> 
     </span>
    </p>

    <p class='ocr_par' dir='ltr' id='par_1_11' title="bbox 265 3034 2073 3294">
     <span class='ocr_line' id='line_1_40' title="bbox 265 3034 2072 3092; baseline 0.002 -16"><span class='ocrx_word' id='word_1_394' title='bbox 265 3035 318 3076; x_wconf 87' lang='lat'>53</span> <span class='ocrx_word' id='word_1_395' title='bbox 349 3034 589 3090; x_wconf 87' lang='lat' dir='ltr'>Epicharis,</span> <span class='ocrx_word' id='word_1_396' title='bbox 622 3034 778 3076; x_wconf 90' lang='lat' dir='ltr'>mulier</span> <span class='ocrx_word' id='word_1_397' title='bbox 807 3034 1019 3089; x_wconf 88' lang='lat' dir='ltr'>libertina,</span> <span class='ocrx_word' id='word_1_398' title='bbox 1052 3036 1228 3077; x_wconf 89' lang='lat' dir='ltr'>nomina</span> <span class='ocrx_word' id='word_1_399' title='bbox 1257 3036 1577 3078; x_wconf 89' lang='lat' dir='ltr'>coniuratorum</span> <span class='ocrx_word' id='word_1_400' title='bbox 1602 3036 1646 3078; x_wconf 93' lang='lat' dir='ltr'>in</span> <span class='ocrx_word' id='word_1_401' title='bbox 1665 3036 1895 3091; x_wconf 88' lang='lat' dir='ltr'>Neronem,</span> <span class='ocrx_word' id='word_1_402' title='bbox 1927 3051 2072 3092; x_wconf 87' lang='lat' dir='ltr'>quam-</span> 
     </span>
     <span class='ocr_line' id='line_1_41' title="bbox 349 3102 2073 3160; baseline 0.002 -16"><span class='ocrx_word' id='word_1_403' title='bbox 349 3103 416 3144; x_wconf 89' lang='lat' dir='ltr'>vis</span> <span class='ocrx_word' id='word_1_404' title='bbox 456 3104 679 3144; x_wconf 88' lang='lat' dir='ltr'>tormentis</span> <span class='ocrx_word' id='word_1_405' title='bbox 721 3102 954 3146; x_wconf 86' lang='lat' dir='ltr'>dilacerata</span> <span class='ocrx_word' id='word_1_406' title='bbox 991 3118 1078 3145; x_wconf 93' lang='lat' dir='ltr'>non</span> <span class='ocrx_word' id='word_1_407' title='bbox 1118 3103 1328 3160; x_wconf 91' lang='lat' dir='ltr'>prodidit,</span> <span class='ocrx_word' id='word_1_408' title='bbox 1369 3110 1584 3160; x_wconf 83' lang='lat' dir='ltr'>postremo</span> <span class='ocrx_word' id='word_1_409' title='bbox 1627 3119 1673 3145; x_wconf 86' lang='lat' dir='ltr'>se</span> <span class='ocrx_word' id='word_1_410' title='bbox 1709 3105 1845 3160; x_wconf 89' lang='lat' dir='ltr'>ipsam</span> <span class='ocrx_word' id='word_1_411' title='bbox 1877 3105 2073 3147; x_wconf 85' lang='lat' dir='ltr'>enecavit</span> 
     </span>
     <span class='ocr_line' id='line_1_42' title="bbox 355 3170 2070 3226; baseline 0.002 -14"><span class='ocrx_word' id='word_1_412' title='bbox 355 3171 453 3212; x_wconf 78' lang='lat' dir='ltr'><strong><em>Tac.</em></strong></span> <span class='ocrx_word' id='word_1_413' title='bbox 477 3185 516 3213; x_wconf 82' lang='lat' dir='ltr'>a.</span> <span class='ocrx_word' id='word_1_414' title='bbox 537 3174 602 3221; x_wconf 88' lang='lat'><strong><em>15,</em></strong></span> <span class='ocrx_word' id='word_1_415' title='bbox 621 3174 687 3214; x_wconf 88' lang='lat'>51.</span> <span class='ocrx_word' id='word_1_416' title='bbox 708 3174 764 3214; x_wconf 82' lang='grc'>57</span> <span class='ocrx_word' id='word_1_417' title='bbox 772 3184 785 3222; x_wconf 90' lang='grc'><em>;</em></span> <span class='ocrx_word' id='word_1_418' title='bbox 814 3170 903 3224; x_wconf 23' lang='lat' dir='ltr'>Dio,</span> <span class='ocrx_word' id='word_1_419' title='bbox 922 3175 990 3222; x_wconf 90' lang='lat'>62,</span> <span class='ocrx_word' id='word_1_420' title='bbox 1011 3175 1074 3215; x_wconf 91' lang='lat'>27</span> <span class='ocrx_word' id='word_1_421' title='bbox 1081 3185 1093 3222; x_wconf 89' lang='lat'><em>;</em></span> <span class='ocrx_word' id='word_1_422' title='bbox 1125 3171 1362 3226; x_wconf 75' lang='lat' dir='ltr'>Polyaenus</span> <span class='ocrx_word' id='word_1_423' title='bbox 1391 3175 1513 3214; x_wconf 76' lang='lat' dir='ltr'>strat.</span> <span class='ocrx_word' id='word_1_424' title='bbox 1535 3175 1575 3222; x_wconf 89' lang='lat'>8,</span> <span class='ocrx_word' id='word_1_425' title='bbox 1599 3176 1667 3216; x_wconf 88' lang='grc'><em>62.</em></span> <span class='ocrx_word' id='word_1_426' title='bbox 1716 3171 1872 3214; x_wconf 87' lang='lat' dir='ltr'>Amica</span> <span class='ocrx_word' id='word_1_427' title='bbox 1900 3172 2070 3215; x_wconf 90' lang='lat' dir='ltr'>Annaei</span> 
     </span>
     <span class='ocr_line' id='line_1_43' title="bbox 349 3238 819 3294; baseline 0.002 -14"><span class='ocrx_word' id='word_1_428' title='bbox 349 3238 490 3281; x_wconf 88' lang='lat' dir='ltr'>Melae</span> <span class='ocrx_word' id='word_1_429' title='bbox 510 3238 710 3294; x_wconf 76' lang='lat' dir='ltr'>Polyaen.</span> <span class='ocrx_word' id='word_1_430' title='bbox 737 3240 763 3281; x_wconf 74' lang='lat' dir='ltr'>l.</span> <span class='ocrx_word' id='word_1_431' title='bbox 787 3253 819 3281; x_wconf 79' lang='lat' dir='ltr'>e.</span> 
     </span>
    </p>

    <p class='ocr_par' dir='ltr' id='par_1_12' title="bbox 264 3306 2070 3435">
     <span class='ocr_line' id='line_1_44' title="bbox 264 3306 2068 3365; baseline 0.001 -17"><span class='ocrx_word' id='word_1_432' title='bbox 264 3307 319 3349; x_wconf 89' lang='lat'><strong><em>54</em></strong></span> <span class='ocrx_word' id='word_1_433' title='bbox 348 3307 584 3363; x_wconf 79' lang='lat' dir='ltr'>EpictetuS,</span> <span class='ocrx_word' id='word_1_434' title='bbox 606 3306 886 3364; x_wconf 89' lang='lat' dir='ltr'>philosophus</span> <span class='ocrx_word' id='word_1_435' title='bbox 907 3308 1078 3349; x_wconf 87' lang='lat' dir='ltr'>stoicus.</span> <span class='ocrx_word' id='word_1_436' title='bbox 1109 3306 1331 3350; x_wconf 88' lang='lat' dir='ltr'>Oriundus</span> <span class='ocrx_word' id='word_1_437' title='bbox 1347 3307 1571 3364; x_wconf 86' lang='lat' dir='ltr'>Hierapoli</span> <span class='ocrx_word' id='word_1_438' title='bbox 1588 3308 1807 3365; x_wconf 89' lang='lat' dir='ltr'>Phrygiae</span> <span class='ocrx_word' id='word_1_439' title='bbox 1817 3308 1978 3352; x_wconf 75' lang='lat' dir='ltr'>Suidas</span> <span class='ocrx_word' id='word_1_440' title='bbox 1987 3321 2068 3351; x_wconf 84' lang='lat' dir='ltr'><strong><em>s.v.</em></strong></span> 
     </span>
     <span class='ocr_line' id='line_1_45' title="bbox 348 3375 2070 3435; baseline 0.001 -19"><span class='ocrx_word' id='word_1_441' title='bbox 348 3375 633 3431; x_wconf 86' lang='lat' dir='ltr'>Epaphroditi</span> <span class='ocrx_word' id='word_1_442' title='bbox 655 3375 750 3429; x_wconf 86' lang='grc' dir='ltr'>(τῶν</span> <span class='ocrx_word' id='word_1_443' title='bbox 771 3377 1126 3433; x_wconf 81' lang='grc' dir='ltr'>σωματαφυλοίκων</span> <span class='ocrx_word' id='word_1_444' title='bbox 1147 3380 1214 3419; x_wconf 81' lang='grc' dir='ltr'>τοῦ</span> <span class='ocrx_word' id='word_1_445' title='bbox 1235 3377 1427 3435; x_wconf 86' lang='grc' dir='ltr'>βασιλέως</span> <span class='ocrx_word' id='word_1_446' title='bbox 1447 3375 1631 3434; x_wconf 83' lang='grc' dir='ltr'>Νέρωνος</span> <span class='ocrx_word' id='word_1_447' title='bbox 1641 3376 1682 3432; x_wconf 73' lang='lat' dir='ltr'>P)</span> <span class='ocrx_word' id='word_1_448' title='bbox 1713 3391 1864 3419; x_wconf 83' lang='lat' dir='ltr'>servus</span> <span class='ocrx_word' id='word_1_449' title='bbox 1888 3376 1945 3418; x_wconf 63' lang='lat' dir='ltr'><strong><em>id.</em></strong></span> <span class='ocrx_word' id='word_1_450' title='bbox 1968 3375 2070 3428; x_wconf 85' lang='lat' dir='ltr'>(ser-</span> 
     </span>
    </p>
   </div>
  </div>
 </body>
</html>
