2202 3724
327 331 611 368 LVCRIANVS
1187 322 1271 363 306
1869 327 2125 363 LVPERCVS

500 460 552 512 Q.
585 459 613 500 f.
646 457 714 512 (K.
737 458 806 511 υἱ.)
835 457 924 499 Dio
953 456 1040 498 ind.
1073 456 1099 498 l.
1120 459 1195 507 54;
1224 456 1341 510 filias
1368 456 1550 510 fortasse
1576 456 1623 509 Q.
1645 456 1837 499 Dacretii
1865 456 2125 512 Vespillonis,

412 542 530 582 quem
561 540 603 568 se
632 527 724 580 ipso
753 528 860 567 nata
882 524 1034 578 paullo
1063 524 1266 566 maiorem
1294 527 1498 566 memorat
1534 522 1620 567 Cic.
1651 523 1779 566 Brut.
1809 527 1882 575 48,
1911 527 2005 567 178.
2055 525 2128 568 Ex

411 595 596 650 posteris
625 594 714 635 sine
739 593 864 635 dubio
896 592 1087 634 Isaeretii
1114 591 1362 645 Vespillonis
1392 591 1543 634 aedilis
1572 605 1682 634 armo
1709 606 1750 634 a.
1781 606 1814 635 e.
1841 595 1924 635 621
1954 592 2021 647 (de
2047 594 2127 637 vir.

409 663 472 705 ill.
503 662 584 716 64).
614 686 670 691 —
707 660 759 704 A.
793 676 833 702 u.
866 676 901 703 c.
930 661 1012 702 706
1052 660 1335 715 Pompeianos
1372 665 1544 701 secutus
1585 659 1682 713 (hae
1719 663 1878 714 spectat
1916 674 1967 702 ex
1995 660 2128 715 eloyio

411 731 558 772 uxoris
576 729 610 771 I
631 742 667 770 v.
689 732 737 771 4:
767 743 866 770 cum
896 726 975 782 ego
1008 729 1052 769 in
1080 727 1393 782 Macedo[niam
1423 726 1656 781 abissem]),
1689 727 1806 770 Orici
1837 729 1949 784 parti
1981 727 2128 770 classis

412 798 700 853 Pompeianae
731 803 930 852 praeerat
959 795 1077 838 Caes.
1101 795 1138 839 b.
1161 809 1191 837 e.
1212 799 1252 846 3,
1275 798 1312 845 7,
1341 795 1532 850 Appiam.
1556 795 1593 837 b.
1611 809 1644 838 c.
1664 799 1708 846 2,
1727 798 1794 838 54.
1843 795 1897 839 Α.
1920 797 1998 839 711
2032 811 2127 853 pro-

411 867 595 921 scriptus
635 880 660 907 a
700 865 936 906 triumviris
977 864 1045 918 (ef.
1077 863 1165 906 Dio
1192 866 1258 914 54,
1290 866 1362 920 10)
1393 864 1554 905 Romae
1594 863 1708 919 apud
1739 864 1917 906 Turiam
1947 879 2127 907 uxorem

410 933 537 974 latuit
567 932 658 975 Val.
683 933 808 974 Max.
840 935 878 982 6,
914 935 951 982 7,
982 935 1013 974 2
1023 945 1036 983 ;
1065 931 1255 985 Appiam.
1287 932 1324 973 b.
1357 945 1391 973 e.
1419 934 1458 981 4,
1488 934 1542 973 44
1571 931 1675 986 (huc
1714 934 1875 985 spectat
1913 946 1963 974 ex
1996 932 2128 987 eloyio

409 1001 555 1043 amoris
575 1000 637 1042 II
658 1004 683 1042 1
701 1002 814 1056 seq).
865 999 1018 1041 Edicto
1045 999 1235 1041 absentis
1256 998 1453 1042 Caesaris
1473 998 1664 1055 periculo
1696 1006 1921 1055 exemptus
1950 999 2128 1055 eloyiwm

409 1070 470 1111 II
492 1072 562 1111 12.
594 1071 658 1110 16.
729 1067 782 1109 Α.
820 1067 901 1109 735
943 1081 1042 1108 cum
1086 1066 1262 1109 alterius
1307 1066 1492 1108 consulis
1537 1067 1710 1109 comitia
1752 1067 1945 1109 adsiduis
1989 1068 2128 1111 turbis

410 1136 732 1193 impedirentur,
768 1150 855 1177 una
892 1150 990 1176 cum
1020 1135 1115 1176 aliis
1145 1134 1298 1189 legatis
1338 1136 1495 1176 missus
1535 1135 1588 1176 ad
1621 1134 1850 1177 Caesarem
1879 1135 2128 1190 Augustum

411 1205 466 1247 ab
496 1205 576 1247 hoc
608 1203 773 1258 collega
803 1203 966 1245 consuli
991 1205 1065 1259 qui
1096 1204 1182 1245 iam
1204 1209 1374 1245 creatus
1395 1209 1487 1245 erat
1506 1203 1634 1245 datur
1653 1202 1741 1246 Dio
1760 1206 1826 1254 54,
1847 1207 1913 1248 10.
1965 1203 2128 1247 Consul

410 1272 652 1315 ordinarius
694 1287 791 1314 cum
832 1271 910 1315 Cn.
954 1272 1102 1314 Sentio
1144 1272 1375 1314 Saturnino
1415 1272 1523 1325 fasti
1559 1272 1614 1325 ef.
1653 1285 1799 1326 supra,
1839 1271 1996 1314 deinde
2030 1287 2128 1314 cum

409 1341 467 1382 M.
500 1341 671 1383 Vinicio
707 1341 815 1394 fasti
840 1339 1055 1382 Golotiam·
1084 1343 1122 1382 et
1150 1340 1390 1382 Bioridiani
1426 1338 1497 1393 (ef.
1529 1343 1690 1397 supra),
1728 1354 1837 1384 mori.
1867 1339 1990 1391 Ana,
2024 1344 2051 1383 t.
2082 1341 2129 1382 in

409 1409 615 1463 amphora
656 1410 801 1463 pietas
842 1408 940 1450 XV
967 1410 1078 1450 4590
1129 1408 1408 1463 (consulatum
1452 1409 1690 1462 proscripti
1741 1412 1946 1451 memorat
2001 1409 2129 1451 etiam

408 1477 635 1531 Appianas
666 1478 703 1519 b.
735 1491 768 1519 e.
798 1480 837 1526 4,
868 1479 950 1532 44).
1012 1476 1238 1533 Superstes
1269 1478 1394 1519 uxori
1424 1484 1521 1533 post
1557 1478 1879 1520 matrimonium
1914 1492 2127 1520 annorum

408 1545 614 1587 XXXXI
643 1546 822 1599 eloyiam
850 1544 997 1586 axoris
1026 1545 1060 1586 I
1080 1558 1118 1586 v.
1138 1548 1201 1588 27
1217 1558 1299 1599 seq.

337 1638 393 1642 —
436 1614 615 1655 Pontius
646 1613 901 1657 Luerianus.

336 1706 394 1711 -—
440 1682 612 1723 Lucuas
642 1695 678 1723 v.
710 1681 866 1723 Lucas.

335 1775 393 1780 --
435 1755 633 1791 MANLIA
663 1755 848 1790 PONTIA
877 1755 1108 1790 LVGVLLA
1137 1756 1406 1793 AFRICANA.
2119 1780 2121 1782 -

336 1843 393 1848 —
438 1823 690 1859 SERVENIA
729 1822 962 1858 CORNVTA
1003 1823 1258 1859 OORNELIA
1300 1823 1586 1860 CALPVRNIA
1625 1824 1850 1860 VALERIA
1895 1823 2127 1860 SECVNDA

408 1885 627 1939 OOTIACP)
658 1890 905 1926 PROCILLA
1034 1891 1282 1928 chvLLA.

338 1978 394 1983 —
437 1954 597 1995 Lurius
629 1952 853 1997 Lucullus,

336 2046 394 2051 —
440 2027 739 2062 SALLVSTIVS
771 2027 1043 2063 LVOVLLVS.

322 2091 405 2132 303
435 2090 627 2131 Lucusta
677 2089 753 2144 (sic
791 2092 900 2131 reete
941 2089 1128 2131 traditur
1168 2089 1284 2144 apud
1324 2090 1571 2133 Suetonium
1615 2093 1655 2132 et
1696 2089 1899 2141 Dionem,
1944 2091 2043 2132 item
2082 2091 2128 2132 in

406 2157 575 2199 scholiis
605 2157 832 2208 Iuvenalis,
874 2157 984 2200 male
1018 2158 1125 2199 Loc-
1153 2158 1269 2214 apud
1306 2159 1520 2209 Tacitam;
1557 2158 1774 2201 Iuvenalis
1809 2158 1912 2201 libri
1938 2157 2127 2213 variam?

411 2240 466 2267 ex
497 2224 650 2269 Galliis
686 2225 868 2267 oriunda
907 2225 1033 2268 schol.
1066 2226 1125 2268 ad
1151 2227 1244 2269 Im).
1274 2230 1355 2269 sat.
1387 2230 1427 2277 1,
1461 2229 1534 2277 71,
1576 2226 1778 2269 damnata
1810 2226 2027 2279 veneficii,
2069 2224 2125 2268 ab

407 2292 650 2348 Agrippina
689 2292 855 2335 delecta
895 2308 1005 2349 quae
1041 2293 1224 2336 Claudio
1264 2295 1384 2336 virus
1424 2300 1598 2350 pararet
1629 2295 1728 2337 Tac.
1759 2309 1799 2337 a.
1833 2298 1904 2344 12,
1935 2296 1999 2344 66,
2038 2292 2128 2336 Dio

408 2365 472 2411 60,
495 2364 549 2403 34
579 2361 701 2416 (Zon.
722 2364 788 2411 11,
811 2361 894 2415 11).
941 2362 1146 2404 Eiusdem
1177 2377 1308 2418 opera
1337 2377 1440 2404 usus
1466 2362 1580 2404 Nero
1612 2362 1655 2403 in
1686 2363 1936 2405 Britannico
1964 2362 2062 2405 Tac.
2085 2375 2126 2405 a.

408 2432 473 2479 13,
495 2432 559 2479 15,
594 2429 709 2473 Suet.
734 2429 849 2471 Nero
874 2432 940 2472 33.
996 2429 1065 2472 Ob
1095 2445 1189 2472 eam
1220 2445 1308 2473 rem
1340 2431 1542 2486 praemiis
1572 2430 1727 2473 affecta
1755 2445 1782 2473 a
1806 2430 1978 2472 Nerone
2009 2429 2125 2472 Suet.

409 2496 434 2540 l.
457 2510 505 2546 6.,
536 2498 610 2552 qui
641 2498 732 2552 ipse
763 2497 844 2539 sub
873 2498 1002 2539 finem
1033 2499 1147 2541 vitae
1177 2513 1391 2540 venenum
1422 2498 1478 2540 ab
1507 2513 1558 2540 ea
1587 2499 1712 2554 petiit
1736 2499 1793 2541 ib.
1823 2512 1857 2542 c,
1877 2501 1942 2541 47.
1991 2498 2127 2540 Inter-

407 2564 519 2606 fecta
558 2566 678 2607 iussu
718 2565 885 2609 Galbae
924 2566 1012 2608 Dio
1045 2570 1110 2618 64,
1141 2570 1181 2609 3.
1243 2567 1460 2610 Memorat
1499 2581 1592 2609 eam
1628 2566 1844 2609 Iuvenalis
1878 2569 1959 2609 sat.
1990 2570 2028 2617 1,
2060 2569 2124 2616 71,

407 2637 710 2675 memoraverat
742 2637 873 2688 poeta
913 2636 1066 2677 aetatis
1094 2635 1339 2678 Flavianae
1384 2636 1553 2678 Turnus
1592 2635 1770 2690 (scholia
1801 2634 1859 2677 ad
1885 2635 1979 2677 Iuv.
2009 2634 2037 2679 Ζ.
2067 2647 2127 2686 c.,·

408 2701 626 2743 Baehrens
655 2702 897 2756 fraymenta
917 2707 1143 2757 poetaram
1173 2704 1296 2746 Rom.
1320 2718 1367 2758 p.
1388 2704 1501 2758 371).

337 2794 395 2799 —-
436 2769 633 2811 Licinius
663 2770 864 2814 Lucusta.

322 2837 406 2879 304
435 2836 605 2878 Ludor:
634 2837 695 2878 ita
714 2837 853 2879 dictus
876 2838 1098 2892 Sergiolus
1128 2839 1353 2894 gladiator,
1386 2840 1547 2896 quippe
1575 2840 1667 2895 ‘qui
1698 2840 1754 2881 sit
1782 2838 1858 2881 diu
1877 2838 2125 2882 demoratus

406 2906 451 2945 in
480 2903 598 2946 ludo'
633 2905 759 2947 schol.
792 2906 859 2948 ad.
890 2907 1081 2949 Juvenal.
1103 2911 1141 2958 6,
1163 2910 1257 2950 105.
1315 2907 1486 2950 Dabiae
1515 2906 1617 2962 fidei
1643 2908 1853 2950 narratio.

321 2998 378 3003 —
426 2980 495 3029 M·
526 2978 735 3014 CLODIVS
766 2981 1025 3017 LVNENSIS.

321 3044 404 3086 305
433 3043 672 3097 Lupercus,
712 3043 873 3083 amicus
905 3042 1046 3097 Plinii,
1081 3045 1205 3086 cuius
1235 3044 1394 3086 iudicio
1430 3044 1593 3100 scripta
1622 3058 1701 3086 sua
1729 3043 1927 3086 subicere
1957 3043 2125 3087 solebat

407 3109 526 3151 Ptin.
549 3123 609 3163 ep.
631 3112 674 3158 2,
694 3111 733 3151 5.
766 3112 804 3159 9,
826 3112 895 3153 26.

322 3180 405 3220 306
436 3178 670 3233 Lupercus,
710 3178 933 3233 Berytius,
975 3179 1301 3233 grammaticus,
1343 3183 1517 3237 γεγονὼς
1557 3184 1684 3238 μικρῷ
1718 3181 1792 3237 πρὸ
1825 3184 1894 3223 τοῦ
1923 3179 2123 3225 Κλαυδίου

405 3249 474 3288 τοῦ
506 3245 688 3302 δευτέρου
715 3246 915 3302 Καίσαρος
944 3245 1098 3302 χρόνων
1125 3246 1286 3289 Suidas
1313 3261 1348 3289 3.
1378 3261 1440 3299 v.‚·
1469 3249 1631 3304 scripta
1660 3249 1751 3290 eius
1772 3247 1933 3291 Suidas
1963 3248 1990 3291 l.
2021 3262 2054 3291 c.
2086 3251 2126 3291 et

406 3327 583 3368 proaem.
641 3312 708 3366 Of.
741 3313 904 3356 M‘e'tller
932 3314 989 3367 fr.
1020 3314 1059 3357 h.
1089 3314 1167 3356 Gr.
1188 3315 1276 3357 III
1289 3329 1336 3368 p.
1359 3319 1454 3359 662.
1507 3316 1749 3359 Memoravi
1767 3319 1946 3370 propter
1973 3330 2122 3359 nomen

404 3381 659 3425 Romanwm.
