<?xml version="1.0" encoding="UTF-8"?>
<!DOCTYPE html PUBLIC "-//W3C//DTD XHTML 1.0 Transitional//EN"
    "http://www.w3.org/TR/xhtml1/DTD/xhtml1-transitional.dtd">
<html xmlns="http://www.w3.org/1999/xhtml" xml:lang="en" lang="en">
 <head>
  <title>
</title>
<meta http-equiv="Content-Type" content="text/html;charset=utf-8" />
  <meta name='ocr-system' content='tesseract 3.04.00' />
  <meta name='ocr-capabilities' content='ocr_page ocr_carea ocr_par ocr_line ocrx_word'/>
</head>
<body>
  <div class='ocr_page' id='page_1' title='image "./prosopographiaim02akaduoft_0392.png"; bbox 0 0 2202 3724; ppageno 0'>
   <div class='ocr_carea' id='block_1_1' title="bbox 254 294 2052 358">
    <p class='ocr_par' dir='ltr' id='par_1_1' title="bbox 254 294 2052 358">
     <span class='ocr_line' id='line_1_1' title="bbox 254 294 2052 358; baseline -0.004 0"><span class='ocrx_word' id='word_1_1' title='bbox 254 322 479 358; x_wconf 81' lang='lat' dir='ltr'><em>M1N101vs</em></span> <span class='ocrx_word' id='word_1_2' title='bbox 1115 312 1197 353; x_wconf 87' lang='lat'><em>380</em></span> <span class='ocrx_word' id='word_1_3' title='bbox 1457 294 1461 298; x_wconf 44' lang='lat'><strong>⁴</strong></span> <span class='ocrx_word' id='word_1_4' title='bbox 1815 315 2052 351; x_wconf 79' lang='lat' dir='ltr'><em>MIchws</em></span> 
     </span>
    </p>
   </div>
   <div class='ocr_carea' id='block_1_2' title="bbox 263 379 1527 390">
    <p class='ocr_par' dir='ltr' id='par_1_2' title="bbox 263 379 1527 390">
     <span class='ocr_line' id='line_1_2' title="bbox 263 379 1527 390; baseline 0 0"><span class='ocrx_word' id='word_1_5' title='bbox 263 379 1527 390; x_wconf 95' lang='lat' dir='ltr'><em> </em></span> 
     </span>
    </p>
   </div>
   <div class='ocr_carea' id='block_1_3' title="bbox 215 444 2092 3427">
    <p class='ocr_par' dir='ltr' id='par_1_3' title="bbox 332 444 2092 1591">
     <span class='ocr_line' id='line_1_3' title="bbox 341 444 2055 501; baseline -0.005 -7"><span class='ocrx_word' id='word_1_6' title='bbox 341 455 502 494; x_wconf 90' lang='lat' dir='ltr'><em>tantum</em></span> <span class='ocrx_word' id='word_1_7' title='bbox 540 452 599 492; x_wconf 89' lang='lat' dir='ltr'><em>est</em></span> <span class='ocrx_word' id='word_1_8' title='bbox 637 449 683 490; x_wconf 89' lang='lat' dir='ltr'><em>in</em></span> <span class='ocrx_word' id='word_1_9' title='bbox 724 448 829 489; x_wconf 90' lang='lat' dir='ltr'><em>actis</em></span> <span class='ocrx_word' id='word_1_10' title='bbox 867 447 1106 497; x_wconf 73' lang='lat' dir='ltr'><em>decurtatis,</em></span> <span class='ocrx_word' id='word_1_11' title='bbox 1149 461 1217 501; x_wconf 82' lang='lat' dir='ltr'><em>ap.</em></span> <span class='ocrx_word' id='word_1_12' title='bbox 1249 446 1469 489; x_wconf 72' lang='lat' dir='ltr'><em>Robinson</em></span> <span class='ocrx_word' id='word_1_13' title='bbox 1501 460 1547 500; x_wconf 90' lang='lat' dir='ltr'><em>p.</em></span> <span class='ocrx_word' id='word_1_14' title='bbox 1578 449 1658 488; x_wconf 87' lang='grc'><em>100</em></span> <span class='ocrx_word' id='word_1_15' title='bbox 1685 444 1784 499; x_wconf 76' lang='lat' dir='ltr'><em>seq.)</em></span> <span class='ocrx_word' id='word_1_16' title='bbox 1826 444 2055 500; x_wconf 86' lang='lat' dir='ltr'><em>proconsul</em></span> 
     </span>
     <span class='ocr_line' id='line_1_4' title="bbox 339 513 2054 572; baseline -0.003 -12"><span class='ocrx_word' id='word_1_17' title='bbox 339 519 525 572; x_wconf 82' lang='lat' dir='ltr'><em>Africae,</em></span> <span class='ocrx_word' id='word_1_18' title='bbox 559 516 788 558; x_wconf 83' lang='lat' dir='ltr'><em>defunctus</em></span> <span class='ocrx_word' id='word_1_19' title='bbox 819 517 863 557; x_wconf 89' lang='lat' dir='ltr'><em>in</em></span> <span class='ocrx_word' id='word_1_20' title='bbox 895 516 1170 568; x_wconf 75' lang='lat' dir='ltr'><em>magistratut,</em></span> <span class='ocrx_word' id='word_1_21' title='bbox 1202 515 1290 556; x_wconf 85' lang='lat' dir='ltr'><em>eius</em></span> <span class='ocrx_word' id='word_1_22' title='bbox 1322 514 1413 556; x_wconf 92' lang='lat' dir='ltr'><em>loco</em></span> <span class='ocrx_word' id='word_1_23' title='bbox 1435 513 1689 556; x_wconf 86' lang='lat' dir='ltr'><em>Hilarianus</em></span> <span class='ocrx_word' id='word_1_24' title='bbox 1709 519 1963 569; x_wconf 82' lang='lat' dir='ltr'><em>procurator</em></span> <span class='ocrx_word' id='word_1_25' title='bbox 1987 513 2054 554; x_wconf 85' lang='lat' dir='ltr'><em>ius</em></span> 
     </span>
     <span class='ocr_line' id='line_1_5' title="bbox 341 581 2055 641; baseline -0.004 -13"><span class='ocrx_word' id='word_1_26' title='bbox 341 586 471 641; x_wconf 83' lang='lat' dir='ltr'>gladii</span> <span class='ocrx_word' id='word_1_27' title='bbox 504 585 669 640; x_wconf 81' lang='lat' dir='ltr'><em>accepit</em></span> <span class='ocrx_word' id='word_1_28' title='bbox 699 583 851 625; x_wconf 89' lang='lat' dir='ltr'><em>Passio</em></span> <span class='ocrx_word' id='word_1_29' title='bbox 882 583 928 626; x_wconf 79' lang='lat' dir='ltr'><strong>S.</strong></span> <span class='ocrx_word' id='word_1_30' title='bbox 950 583 1185 637; x_wconf 88' lang='lat' dir='ltr'><em>Perpetuae</em></span> <span class='ocrx_word' id='word_1_31' title='bbox 1215 597 1247 626; x_wconf 89' lang='lat' dir='ltr'><em>c.</em></span> <span class='ocrx_word' id='word_1_32' title='bbox 1271 585 1297 624; x_wconf 88' lang='lat'><em>6</em></span> <span class='ocrx_word' id='word_1_33' title='bbox 1329 581 1537 634; x_wconf 85' lang='lat' dir='ltr'><em>(Ruinart</em></span> <span class='ocrx_word' id='word_1_34' title='bbox 1567 585 1646 627; x_wconf 88' lang='lat' dir='ltr'><em>act.</em></span> <span class='ocrx_word' id='word_1_35' title='bbox 1667 585 1841 636; x_wconf 75' lang='lat' dir='ltr'><em>martyr.</em></span> <span class='ocrx_word' id='word_1_36' title='bbox 1865 581 1926 623; x_wconf 84' lang='lat' dir='ltr'><em>ed.</em></span> <span class='ocrx_word' id='word_1_37' title='bbox 1947 583 2055 623; x_wconf 87' lang='lat'><strong><em>1689</em></strong></span> 
     </span>
     <span class='ocr_line' id='line_1_6' title="bbox 332 649 2057 708; baseline -0.002 -12"><span class='ocrx_word' id='word_1_38' title='bbox 332 669 380 708; x_wconf 92' lang='lat' dir='ltr'><em>p.</em></span> <span class='ocrx_word' id='word_1_39' title='bbox 411 656 489 704; x_wconf 86' lang='grc'><em>88,·</em></span> <span class='ocrx_word' id='word_1_40' title='bbox 528 652 690 695; x_wconf 90' lang='lat' dir='ltr'><em>Harris</em></span> <span class='ocrx_word' id='word_1_41' title='bbox 730 651 816 693; x_wconf 83' lang='lat' dir='ltr'><em>ancl</em></span> <span class='ocrx_word' id='word_1_42' title='bbox 851 649 1026 702; x_wconf 76' lang='lat' dir='ltr'><em>Gifforol</em></span> <span class='ocrx_word' id='word_1_43' title='bbox 1063 654 1152 693; x_wconf 90' lang='lat' dir='ltr'><em>acts</em></span> <span class='ocrx_word' id='word_1_44' title='bbox 1198 651 1249 704; x_wconf 84' lang='lat' dir='ltr'><em>of</em></span> <span class='ocrx_word' id='word_1_45' title='bbox 1279 650 1538 704; x_wconf 70' lang='lat' dir='ltr'><em>martyrdom</em></span> <span class='ocrx_word' id='word_1_46' title='bbox 1576 651 1627 703; x_wconf 79' lang='lat' dir='ltr'><em>of</em></span> <span class='ocrx_word' id='word_1_47' title='bbox 1659 650 1871 704; x_wconf 88' lang='lat' dir='ltr'><em>Perpetua</em></span> <span class='ocrx_word' id='word_1_48' title='bbox 1901 666 1948 706; x_wconf 89' lang='lat' dir='ltr'><em>p.</em></span> <span class='ocrx_word' id='word_1_49' title='bbox 1979 653 2037 692; x_wconf 90' lang='grc'><em>47</em></span> <span class='ocrx_word' id='word_1_50' title='bbox 2043 663 2057 701; x_wconf 91' lang='grc'><em>,·</em></span> 
     </span>
     <span class='ocr_line' id='line_1_7' title="bbox 340 718 2057 772; baseline -0.002 -9"><span class='ocrx_word' id='word_1_51' title='bbox 340 722 559 763; x_wconf 83' lang='lat' dir='ltr'><em>Robinson</em></span> <span class='ocrx_word' id='word_1_52' title='bbox 595 723 701 761; x_wconf 67' lang='lat' dir='ltr'><em>texts</em></span> <span class='ocrx_word' id='word_1_53' title='bbox 735 719 822 760; x_wconf 79' lang='lat' dir='ltr'><em>ancl</em></span> <span class='ocrx_word' id='word_1_54' title='bbox 849 718 1005 766; x_wconf 80' lang='lat' dir='ltr'><em>studies</em></span> <span class='ocrx_word' id='word_1_55' title='bbox 1036 721 1164 762; x_wconf 85' lang='lat' dir='ltr'><em>contr.</em></span> <span class='ocrx_word' id='word_1_56' title='bbox 1196 721 1238 759; x_wconf 90' lang='lat' dir='ltr'><em>to</em></span> <span class='ocrx_word' id='word_1_57' title='bbox 1270 718 1441 760; x_wconf 84' lang='lat' dir='ltr'><em>biblical</em></span> <span class='ocrx_word' id='word_1_58' title='bbox 1478 718 1711 771; x_wconf 73' lang='lat' dir='ltr'><em>litterature</em></span> <span class='ocrx_word' id='word_1_59' title='bbox 1739 718 1817 763; x_wconf 83' lang='lat' dir='ltr'><em>vol.</em></span> <span class='ocrx_word' id='word_1_60' title='bbox 1847 719 1881 760; x_wconf 91' lang='lat' dir='ltr'><strong><em>I</em></strong></span> <span class='ocrx_word' id='word_1_61' title='bbox 1902 719 2005 772; x_wconf 83' lang='lat' dir='ltr'><em>fasc.</em></span> <span class='ocrx_word' id='word_1_62' title='bbox 2025 722 2057 760; x_wconf 95' lang='grc'><em>2</em></span> 
     </span>
     <span class='ocr_line' id='line_1_8' title="bbox 335 785 2056 843; baseline -0.002 -12"><span class='ocrx_word' id='word_1_63' title='bbox 335 804 383 843; x_wconf 90' lang='lat' dir='ltr'><em>p.</em></span> <span class='ocrx_word' id='word_1_64' title='bbox 395 788 476 843; x_wconf 82' lang='grc'><em>71).</em></span> <span class='ocrx_word' id='word_1_65' title='bbox 500 787 734 829; x_wconf 85' lang='lat' dir='ltr'><em>Proconsul</em></span> <span class='ocrx_word' id='word_1_66' title='bbox 746 788 840 840; x_wconf 81' lang='lat' dir='ltr'><em>fuit,</em></span> <span class='ocrx_word' id='word_1_67' title='bbox 857 801 941 828; x_wconf 92' lang='lat' dir='ltr'><em>non</em></span> <span class='ocrx_word' id='word_1_68' title='bbox 958 787 1211 840; x_wconf 72' lang='lat' dir='ltr'><em>temporibus</em></span> <span class='ocrx_word' id='word_1_69' title='bbox 1231 786 1449 828; x_wconf 88' lang='lat' dir='ltr'><em>Valeriani</em></span> <span class='ocrx_word' id='word_1_70' title='bbox 1463 789 1502 827; x_wconf 91' lang='lat' dir='ltr'><em>et</em></span> <span class='ocrx_word' id='word_1_71' title='bbox 1520 785 1720 836; x_wconf 76' lang='lat' dir='ltr'><em>Gallieni,</em></span> <span class='ocrx_word' id='word_1_72' title='bbox 1741 789 1789 827; x_wconf 83' lang='lat' dir='ltr'><em>ut</em></span> <span class='ocrx_word' id='word_1_73' title='bbox 1807 786 1949 828; x_wconf 82' lang='lat' dir='ltr'><em>volunt</em></span> <span class='ocrx_word' id='word_1_74' title='bbox 1970 789 2056 828; x_wconf 89' lang='lat' dir='ltr'><em>tam</em></span> 
     </span>
     <span class='ocr_line' id='line_1_9' title="bbox 340 853 2057 908; baseline -0.002 -9"><span class='ocrx_word' id='word_1_75' title='bbox 340 860 437 899; x_wconf 86' lang='lat' dir='ltr'><em>acta</em></span> <span class='ocrx_word' id='word_1_76' title='bbox 464 855 634 899; x_wconf 80' lang='lat' dir='ltr'><em>Graeca</em></span> <span class='ocrx_word' id='word_1_77' title='bbox 663 869 789 908; x_wconf 77' lang='lat' dir='ltr'><em>quam</em></span> <span class='ocrx_word' id='word_1_78' title='bbox 815 855 977 896; x_wconf 89' lang='lat' dir='ltr'><em>Latina</em></span> <span class='ocrx_word' id='word_1_79' title='bbox 1006 854 1238 904; x_wconf 84' lang='lat' dir='ltr'><em>decurtata,</em></span> <span class='ocrx_word' id='word_1_80' title='bbox 1269 854 1344 896; x_wconf 82' lang='lat' dir='ltr'><em>secl</em></span> <span class='ocrx_word' id='word_1_81' title='bbox 1369 854 1445 895; x_wconf 91' lang='lat' dir='ltr'><em>sub</em></span> <span class='ocrx_word' id='word_1_82' title='bbox 1478 853 1641 904; x_wconf 78' lang='lat' dir='ltr'><em>Severo,</em></span> <span class='ocrx_word' id='word_1_83' title='bbox 1673 855 1783 895; x_wconf 90' lang='lat' dir='ltr'><em>inter</em></span> <span class='ocrx_word' id='word_1_84' title='bbox 1813 867 1946 896; x_wconf 90' lang='lat' dir='ltr'><em>annos</em></span> <span class='ocrx_word' id='word_1_85' title='bbox 1973 856 2057 896; x_wconf 91' lang='lat'><em>198</em></span> 
     </span>
     <span class='ocr_line' id='line_1_10' title="bbox 341 921 2056 976; baseline -0.002 -9"><span class='ocrx_word' id='word_1_86' title='bbox 341 929 377 967; x_wconf 88' lang='lat' dir='ltr'><em>et</em></span> <span class='ocrx_word' id='word_1_87' title='bbox 406 927 504 974; x_wconf 86' lang='grc'><em>209,</em></span> <span class='ocrx_word' id='word_1_88' title='bbox 535 926 582 964; x_wconf 90' lang='lat' dir='ltr'><em>ut</em></span> <span class='ocrx_word' id='word_1_89' title='bbox 614 925 792 976; x_wconf 84' lang='lat' dir='ltr'><em>apparet</em></span> <span class='ocrx_word' id='word_1_90' title='bbox 820 937 870 964; x_wconf 67' lang='lat' dir='ltr'><em>esc</em></span> <span class='ocrx_word' id='word_1_91' title='bbox 891 922 1097 964; x_wconf 79' lang='lat' dir='ltr'><em>mentione</em></span> <span class='ocrx_word' id='word_1_92' title='bbox 1121 921 1254 964; x_wconf 82' lang='lat' dir='ltr'><em>Getae</em></span> <span class='ocrx_word' id='word_1_93' title='bbox 1281 921 1480 964; x_wconf 84' lang='lat' dir='ltr'><em>Caesaris</em></span> <span class='ocrx_word' id='word_1_94' title='bbox 1499 922 1546 964; x_wconf 91' lang='lat' dir='ltr'><em>in</em></span> <span class='ocrx_word' id='word_1_95' title='bbox 1566 922 1671 963; x_wconf 88' lang='lat' dir='ltr'><em>actis</em></span> <span class='ocrx_word' id='word_1_96' title='bbox 1689 922 1860 964; x_wconf 88' lang='lat' dir='ltr'><em>Latinis</em></span> <span class='ocrx_word' id='word_1_97' title='bbox 1881 922 2056 976; x_wconf 75' lang='lat' dir='ltr'><em>inteyris</em></span> 
     </span>
     <span class='ocr_line' id='line_1_11' title="bbox 338 989 2056 1047; baseline -0.001 -14"><span class='ocrx_word' id='word_1_98' title='bbox 338 993 532 1047; x_wconf 88' lang='lat' dir='ltr'><em>(ceterum</em></span> <span class='ocrx_word' id='word_1_99' title='bbox 568 991 682 1032; x_wconf 79' lang='lat' dir='ltr'><em>novit</em></span> <span class='ocrx_word' id='word_1_100' title='bbox 720 990 821 1032; x_wconf 77' lang='lat' dir='ltr'><em>haec</em></span> <span class='ocrx_word' id='word_1_101' title='bbox 860 991 955 1043; x_wconf 89' lang='lat' dir='ltr'><em>ipsa</em></span> <span class='ocrx_word' id='word_1_102' title='bbox 994 993 1091 1031; x_wconf 86' lang='lat' dir='ltr'><em>acta</em></span> <span class='ocrx_word' id='word_1_103' title='bbox 1122 990 1168 1032; x_wconf 81' lang='lat' dir='ltr'><strong>S.</strong></span> <span class='ocrx_word' id='word_1_104' title='bbox 1201 990 1435 1043; x_wconf 86' lang='lat' dir='ltr'><em>Perpetuae</em></span> <span class='ocrx_word' id='word_1_105' title='bbox 1465 990 1553 1031; x_wconf 89' lang='lat' dir='ltr'><em>iam</em></span> <span class='ocrx_word' id='word_1_106' title='bbox 1586 989 1884 1040; x_wconf 86' lang='lat' dir='ltr'><em>Tertullianus,</em></span> <span class='ocrx_word' id='word_1_107' title='bbox 1921 991 1975 1044; x_wconf 83' lang='lat' dir='ltr'><em>cf.</em></span> <span class='ocrx_word' id='word_1_108' title='bbox 2008 990 2056 1032; x_wconf 84' lang='lat' dir='ltr'><em>de</em></span> 
     </span>
     <span class='ocr_line' id='line_1_12' title="bbox 339 1057 2056 1112; baseline -0.001 -10"><span class='ocrx_word' id='word_1_109' title='bbox 339 1061 484 1102; x_wconf 85' lang='lat' dir='ltr'><em>anima</em></span> <span class='ocrx_word' id='word_1_110' title='bbox 513 1073 546 1101; x_wconf 91' lang='lat' dir='ltr'><em>c.</em></span> <span class='ocrx_word' id='word_1_111' title='bbox 577 1058 669 1111; x_wconf 84' lang='lat'><strong><em>55),·</em></strong></span> <span class='ocrx_word' id='word_1_112' title='bbox 710 1072 800 1099; x_wconf 89' lang='lat' dir='ltr'><em>cum</em></span> <span class='ocrx_word' id='word_1_113' title='bbox 843 1061 980 1100; x_wconf 88' lang='lat' dir='ltr'><em>autem</em></span> <span class='ocrx_word' id='word_1_114' title='bbox 1019 1057 1278 1100; x_wconf 86' lang='lat' dir='ltr'><em>Hilarianus</em></span> <span class='ocrx_word' id='word_1_115' title='bbox 1308 1061 1581 1112; x_wconf 87' lang='lat' dir='ltr'><em>procurator,</em></span> <span class='ocrx_word' id='word_1_116' title='bbox 1622 1058 1697 1111; x_wconf 76' lang='lat' dir='ltr'><em>qui</em></span> <span class='ocrx_word' id='word_1_117' title='bbox 1732 1058 1819 1100; x_wconf 83' lang='lat' dir='ltr'><em>vice</em></span> <span class='ocrx_word' id='word_1_118' title='bbox 1854 1059 1943 1100; x_wconf 84' lang='lat' dir='ltr'><em>eius</em></span> <span class='ocrx_word' id='word_1_119' title='bbox 1981 1058 2056 1100; x_wconf 83' lang='lat' dir='ltr'><em>acl-</em></span> 
     </span>
     <span class='ocr_line' id='line_1_13' title="bbox 335 1125 2054 1180; baseline -0.002 -10"><span class='ocrx_word' id='word_1_120' title='bbox 335 1127 685 1170; x_wconf 83' lang='lat' dir='ltr'><em>ministrationem</em></span> <span class='ocrx_word' id='word_1_121' title='bbox 709 1127 955 1180; x_wconf 80' lang='lat' dir='ltr'><em>provinciae</em></span> <span class='ocrx_word' id='word_1_122' title='bbox 980 1127 1171 1180; x_wconf 89' lang='lat' dir='ltr'><em>suscepit,</em></span> <span class='ocrx_word' id='word_1_123' title='bbox 1203 1127 1250 1167; x_wconf 90' lang='lat' dir='ltr'><em>in</em></span> <span class='ocrx_word' id='word_1_124' title='bbox 1283 1139 1368 1167; x_wconf 90' lang='lat' dir='ltr'><em>non</em></span> <span class='ocrx_word' id='word_1_125' title='bbox 1395 1138 1558 1179; x_wconf 90' lang='lat' dir='ltr'><em>paucos</em></span> <span class='ocrx_word' id='word_1_126' title='bbox 1587 1125 1933 1167; x_wconf 79' lang='lat' dir='ltr'><em>Christianorum</em></span> <span class='ocrx_word' id='word_1_127' title='bbox 1964 1127 2054 1168; x_wconf 88' lang='lat' dir='ltr'><em>ani-</em></span> 
     </span>
     <span class='ocr_line' id='line_1_14' title="bbox 337 1194 2056 1248; baseline -0.002 -11"><span class='ocrx_word' id='word_1_128' title='bbox 337 1196 617 1245; x_wconf 81' lang='lat' dir='ltr'><em>madverterit,</em></span> <span class='ocrx_word' id='word_1_129' title='bbox 651 1195 892 1236; x_wconf 87' lang='lat' dir='ltr'><em>Minucium</em></span> <span class='ocrx_word' id='word_1_130' title='bbox 914 1194 1208 1248; x_wconf 75' lang='lat' dir='ltr'><em>proconsulem</em></span> <span class='ocrx_word' id='word_1_131' title='bbox 1227 1194 1358 1247; x_wconf 78' lang='lat' dir='ltr'><em>fuisse</em></span> <span class='ocrx_word' id='word_1_132' title='bbox 1378 1197 1416 1235; x_wconf 91' lang='lat' dir='ltr'><em>et</em></span> <span class='ocrx_word' id='word_1_133' title='bbox 1437 1194 1476 1235; x_wconf 91' lang='lat' dir='ltr'><em>ei</em></span> <span class='ocrx_word' id='word_1_134' title='bbox 1497 1194 1550 1236; x_wconf 86' lang='lat' dir='ltr'><em>ab</em></span> <span class='ocrx_word' id='word_1_135' title='bbox 1571 1194 1805 1236; x_wconf 77' lang='lat' dir='ltr'><em>Hilariano</em></span> <span class='ocrx_word' id='word_1_136' title='bbox 1826 1207 2056 1236; x_wconf 86' lang='lat' dir='ltr'><em>successum</em></span> 
     </span>
     <span class='ocr_line' id='line_1_15' title="bbox 348 1260 2057 1318; baseline 0 -14"><span class='ocrx_word' id='word_1_137' title='bbox 348 1277 432 1306; x_wconf 78' lang='lat' dir='ltr'><em>esse</em></span> <span class='ocrx_word' id='word_1_138' title='bbox 451 1266 610 1318; x_wconf 84' lang='lat' dir='ltr'><em>putant</em></span> <span class='ocrx_word' id='word_1_139' title='bbox 628 1263 822 1317; x_wconf 75' lang='lat' dir='ltr'><em>plerique</em></span> <span class='ocrx_word' id='word_1_140' title='bbox 853 1260 972 1316; x_wconf 87' lang='lat' dir='ltr'><em>(post</em></span> <span class='ocrx_word' id='word_1_141' title='bbox 1011 1262 1118 1304; x_wconf 86' lang='lat' dir='ltr'><em>alios</em></span> <span class='ocrx_word' id='word_1_142' title='bbox 1149 1263 1207 1304; x_wconf 90' lang='lat' dir='ltr'><em>K.</em></span> <span class='ocrx_word' id='word_1_143' title='bbox 1230 1263 1267 1304; x_wconf 91' lang='lat' dir='ltr'><em>I.</em></span> <span class='ocrx_word' id='word_1_144' title='bbox 1297 1262 1522 1304; x_wconf 88' lang='lat' dir='ltr'><em>Neumann</em></span> <span class='ocrx_word' id='word_1_145' title='bbox 1553 1262 1592 1304; x_wconf 82' lang='lat' dir='ltr'><em>d.</em></span> <span class='ocrx_word' id='word_1_146' title='bbox 1621 1276 1747 1307; x_wconf 84' lang='lat' dir='ltr'><em>roem.</em></span> <span class='ocrx_word' id='word_1_147' title='bbox 1771 1262 1899 1305; x_wconf 80' lang='lat' dir='ltr'><em>Staat</em></span> <span class='ocrx_word' id='word_1_148' title='bbox 1926 1277 1967 1304; x_wconf 92' lang='lat' dir='ltr'><em>u.</em></span> <span class='ocrx_word' id='word_1_149' title='bbox 1990 1262 2057 1304; x_wconf 82' lang='lat' dir='ltr'><em>die</em></span> 
     </span>
     <span class='ocr_line' id='line_1_16' title="bbox 339 1331 2057 1386; baseline 0 -13"><span class='ocrx_word' id='word_1_150' title='bbox 339 1332 581 1386; x_wconf 65' lang='lat' dir='ltr'><em>allyemeine</em></span> <span class='ocrx_word' id='word_1_151' title='bbox 602 1331 762 1373; x_wconf 78' lang='lat' dir='ltr'><em>Kirche</em></span> <span class='ocrx_word' id='word_1_152' title='bbox 782 1331 816 1373; x_wconf 93' lang='lat' dir='ltr'>I</span> <span class='ocrx_word' id='word_1_153' title='bbox 820 1345 867 1385; x_wconf 89' lang='lat' dir='ltr'><em>p.</em></span> <span class='ocrx_word' id='word_1_154' title='bbox 881 1333 976 1386; x_wconf 88' lang='grc'><em>171)</em></span> <span class='ocrx_word' id='word_1_155' title='bbox 994 1345 1079 1373; x_wconf 88' lang='lat' dir='ltr'><em>non</em></span> <span class='ocrx_word' id='word_1_156' title='bbox 1100 1334 1194 1373; x_wconf 92' lang='lat' dir='ltr'><em>ante</em></span> <span class='ocrx_word' id='word_1_157' title='bbox 1214 1331 1261 1372; x_wconf 82' lang='lat' dir='ltr'><em>id</em></span> <span class='ocrx_word' id='word_1_158' title='bbox 1280 1334 1438 1385; x_wconf 87' lang='lat' dir='ltr'><em>tempus</em></span> <span class='ocrx_word' id='word_1_159' title='bbox 1458 1344 1538 1384; x_wconf 82' lang='lat' dir='ltr'><em>quo</em></span> <span class='ocrx_word' id='word_1_160' title='bbox 1561 1331 1730 1372; x_wconf 84' lang='lat' dir='ltr'><em>initium</em></span> <span class='ocrx_word' id='word_1_161' title='bbox 1750 1331 2057 1385; x_wconf 72' lang='lat' dir='ltr'><em>persecutionis</em></span> 
     </span>
     <span class='ocr_line' id='line_1_17' title="bbox 345 1399 2058 1454; baseline 0.001 -12"><span class='ocrx_word' id='word_1_162' title='bbox 345 1400 684 1442; x_wconf 78' lang='lat' dir='ltr'><em>Christianorum</em></span> <span class='ocrx_word' id='word_1_163' title='bbox 715 1399 968 1442; x_wconf 69' lang='lat' dir='ltr'><em>Seuerianae</em></span> <span class='ocrx_word' id='word_1_164' title='bbox 996 1400 1129 1441; x_wconf 88' lang='lat' dir='ltr'><em>statui</em></span> <span class='ocrx_word' id='word_1_165' title='bbox 1148 1413 1273 1454; x_wconf 90' lang='lat' dir='ltr'><em>posse</em></span> <span class='ocrx_word' id='word_1_166' title='bbox 1293 1402 1464 1453; x_wconf 89' lang='lat' dir='ltr'><em>putant,</em></span> <span class='ocrx_word' id='word_1_167' title='bbox 1495 1399 1542 1440; x_wconf 81' lang='lat' dir='ltr'><em>id</em></span> <span class='ocrx_word' id='word_1_168' title='bbox 1570 1402 1629 1440; x_wconf 85' lang='lat' dir='ltr'><em>est</em></span> <span class='ocrx_word' id='word_1_169' title='bbox 1656 1413 1740 1441; x_wconf 89' lang='lat' dir='ltr'><em>non</em></span> <span class='ocrx_word' id='word_1_170' title='bbox 1771 1402 1867 1441; x_wconf 90' lang='lat' dir='ltr'><em>ante</em></span> <span class='ocrx_word' id='word_1_171' title='bbox 1895 1414 1934 1442; x_wconf 89' lang='lat' dir='ltr'><em>a.</em></span> <span class='ocrx_word' id='word_1_172' title='bbox 1967 1403 2058 1443; x_wconf 85' lang='grc'><em>202</em></span> 
     </span>
     <span class='ocr_line' id='line_1_18' title="bbox 342 1467 2092 1522; baseline -0.001 -12"><span class='ocrx_word' id='word_1_173' title='bbox 342 1469 537 1522; x_wconf 86' lang='lat' dir='ltr'><em>(propter</em></span> <span class='ocrx_word' id='word_1_174' title='bbox 565 1468 720 1510; x_wconf 87' lang='lat' dir='ltr'><em>Euseb.</em></span> <span class='ocrx_word' id='word_1_175' title='bbox 752 1467 790 1512; x_wconf 79' lang='lat' dir='ltr'><strong>h.</strong></span> <span class='ocrx_word' id='word_1_176' title='bbox 824 1467 918 1511; x_wconf 87' lang='lat' dir='ltr'><em>eccl.</em></span> <span class='ocrx_word' id='word_1_177' title='bbox 951 1471 988 1518; x_wconf 82' lang='lat'><em>6,</em></span> <span class='ocrx_word' id='word_1_178' title='bbox 1016 1471 1059 1518; x_wconf 91' lang='grc'><em>2,</em></span> <span class='ocrx_word' id='word_1_179' title='bbox 1085 1467 1158 1522; x_wconf 87' lang='grc'><em>2);</em></span> <span class='ocrx_word' id='word_1_180' title='bbox 1193 1468 1245 1521; x_wconf 84' lang='lat' dir='ltr'><em>cf.</em></span> <span class='ocrx_word' id='word_1_181' title='bbox 1278 1468 1404 1509; x_wconf 88' lang='lat' dir='ltr'><em>etiam</em></span> <span class='ocrx_word' id='word_1_182' title='bbox 1441 1468 1577 1509; x_wconf 84' lang='lat' dir='ltr'><em>Tissot</em></span> <span class='ocrx_word' id='word_1_183' title='bbox 1605 1469 1736 1521; x_wconf 82' lang='lat' dir='ltr'><em>fastes</em></span> <span class='ocrx_word' id='word_1_184' title='bbox 1766 1467 1815 1509; x_wconf 89' lang='lat' dir='ltr'><em>de</em></span> <span class='ocrx_word' id='word_1_185' title='bbox 1845 1467 2056 1521; x_wconf 78' lang='lat' dir='ltr'><em>l&#39;Afrique</em></span> <span class='ocrx_word' id='word_1_186' title='bbox 2089 1504 2092 1506; x_wconf 97' lang='lat'><strong>.</strong></span> 
     </span>
     <span class='ocr_line' id='line_1_19' title="bbox 332 1535 2055 1591; baseline 0 -14"><span class='ocrx_word' id='word_1_187' title='bbox 332 1552 380 1591; x_wconf 88' lang='lat' dir='ltr'><em>p.</em></span> <span class='ocrx_word' id='word_1_188' title='bbox 403 1540 492 1578; x_wconf 80' lang='lat'><strong>135.</strong></span> <span class='ocrx_word' id='word_1_189' title='bbox 516 1539 606 1578; x_wconf 83' lang='grc'><em>136.</em></span> <span class='ocrx_word' id='word_1_190' title='bbox 661 1537 781 1577; x_wconf 89' lang='lat' dir='ltr'><em>Iusto</em></span> <span class='ocrx_word' id='word_1_191' title='bbox 811 1535 1084 1589; x_wconf 82' lang='lat' dir='ltr'><em>fundamento</em></span> <span class='ocrx_word' id='word_1_192' title='bbox 1114 1549 1256 1577; x_wconf 90' lang='lat' dir='ltr'><em>carere</em></span> <span class='ocrx_word' id='word_1_193' title='bbox 1286 1535 1363 1576; x_wconf 76' lang='lat' dir='ltr'><em>has</em></span> <span class='ocrx_word' id='word_1_194' title='bbox 1390 1535 1737 1577; x_wconf 86' lang='lat' dir='ltr'><em>ratiocinationes</em></span> <span class='ocrx_word' id='word_1_195' title='bbox 1764 1535 1852 1576; x_wconf 86' lang='lat' dir='ltr'><em>iam</em></span> <span class='ocrx_word' id='word_1_196' title='bbox 1881 1539 2055 1578; x_wconf 89' lang='lat' dir='ltr'><em>constat.</em></span> 
     </span>
    </p>

    <p class='ocr_par' dir='ltr' id='par_1_4' title="bbox 255 1602 2058 1998">
     <span class='ocr_line' id='line_1_20' title="bbox 255 1602 2058 1658; baseline 0 -12"><span class='ocrx_word' id='word_1_197' title='bbox 255 1605 338 1646; x_wconf 85' lang='lat'><em>442</em></span> <span class='ocrx_word' id='word_1_198' title='bbox 368 1612 414 1646; x_wconf 91' lang='lat' dir='ltr'><em>A.</em></span> <span class='ocrx_word' id='word_1_199' title='bbox 446 1610 670 1645; x_wconf 87' lang='lat' dir='ltr'><em>MINICIVS</em></span> <span class='ocrx_word' id='word_1_200' title='bbox 712 1609 869 1644; x_wconf 86' lang='lat' dir='ltr'><strong>RVFVS</strong></span> <span class='ocrx_word' id='word_1_201' title='bbox 910 1603 1138 1658; x_wconf 86' lang='lat' dir='ltr'><em>proconsul</em></span> <span class='ocrx_word' id='word_1_202' title='bbox 1179 1602 1333 1645; x_wconf 79' lang='lat' dir='ltr'><em>Cretae</em></span> <span class='ocrx_word' id='word_1_203' title='bbox 1373 1609 1416 1644; x_wconf 83' lang='lat' dir='ltr'><em>et</em></span> <span class='ocrx_word' id='word_1_204' title='bbox 1455 1602 1723 1657; x_wconf 83' lang='lat' dir='ltr'><em>Cyrenarum</em></span> <span class='ocrx_word' id='word_1_205' title='bbox 1753 1606 1781 1644; x_wconf 92' lang='lat' dir='ltr'><em>t.</em></span> <span class='ocrx_word' id='word_1_206' title='bbox 1811 1603 2058 1657; x_wconf 73' lang='lat' dir='ltr'><em>Cyrenensis</em></span> 
     </span>
     <span class='ocr_line' id='line_1_21' title="bbox 343 1670 2056 1726; baseline 0.001 -13"><span class='ocrx_word' id='word_1_207' title='bbox 343 1687 410 1725; x_wconf 82' lang='lat' dir='ltr'><em>ap.</em></span> <span class='ocrx_word' id='word_1_208' title='bbox 449 1671 587 1714; x_wconf 77' lang='lat' dir='ltr'><em>Smith</em></span> <span class='ocrx_word' id='word_1_209' title='bbox 628 1671 714 1712; x_wconf 77' lang='lat' dir='ltr'><em>ancl</em></span> <span class='ocrx_word' id='word_1_210' title='bbox 753 1671 939 1712; x_wconf 77' lang='lat' dir='ltr'><em>Porcher</em></span> <span class='ocrx_word' id='word_1_211' title='bbox 978 1671 1222 1713; x_wconf 81' lang='lat' dir='ltr'><em>discoveries</em></span> <span class='ocrx_word' id='word_1_212' title='bbox 1262 1674 1308 1712; x_wconf 89' lang='lat' dir='ltr'><em>at</em></span> <span class='ocrx_word' id='word_1_213' title='bbox 1343 1670 1523 1724; x_wconf 71' lang='lat' dir='ltr'><em>Cyrene,</em></span> <span class='ocrx_word' id='word_1_214' title='bbox 1556 1685 1604 1724; x_wconf 91' lang='lat' dir='ltr'><em>p.</em></span> <span class='ocrx_word' id='word_1_215' title='bbox 1636 1674 1737 1721; x_wconf 85' lang='lat'><strong><em>113,</em></strong></span> <span class='ocrx_word' id='word_1_216' title='bbox 1767 1685 1810 1713; x_wconf 89' lang='lat' dir='ltr'><em>n.</em></span> <span class='ocrx_word' id='word_1_217' title='bbox 1836 1674 1888 1714; x_wconf 87' lang='lat'><em>15</em></span> <span class='ocrx_word' id='word_1_218' title='bbox 1927 1672 2056 1726; x_wconf 89' lang='lat' dir='ltr'><em>(anno</em></span> 
     </span>
     <span class='ocr_line' id='line_1_22' title="bbox 339 1739 2056 1794; baseline 0.001 -13"><span class='ocrx_word' id='word_1_219' title='bbox 339 1741 520 1793; x_wconf 79' lang='lat' dir='ltr'><em>fortasse</em></span> <span class='ocrx_word' id='word_1_220' title='bbox 551 1743 615 1789; x_wconf 91' lang='grc'><em>71,</em></span> <span class='ocrx_word' id='word_1_221' title='bbox 653 1742 749 1792; x_wconf 87' lang='lat' dir='ltr'><em>post</em></span> <span class='ocrx_word' id='word_1_222' title='bbox 778 1739 862 1782; x_wconf 75' lang='lat' dir='ltr'><em>kal.</em></span> <span class='ocrx_word' id='word_1_223' title='bbox 893 1739 1045 1788; x_wconf 84' lang='lat' dir='ltr'><em>Iulias,</em></span> <span class='ocrx_word' id='word_1_224' title='bbox 1088 1739 1156 1780; x_wconf 87' lang='lat' dir='ltr'><em>cui</em></span> <span class='ocrx_word' id='word_1_225' title='bbox 1198 1740 1375 1792; x_wconf 85' lang='lat' dir='ltr'><em>tempori</em></span> <span class='ocrx_word' id='word_1_226' title='bbox 1409 1739 1656 1780; x_wconf 85' lang='lat' dir='ltr'><em>conveniunt</em></span> <span class='ocrx_word' id='word_1_227' title='bbox 1684 1753 1791 1792; x_wconf 75' lang='lat' dir='ltr'><em>quae</em></span> <span class='ocrx_word' id='word_1_228' title='bbox 1827 1754 1876 1782; x_wconf 70' lang='lat' dir='ltr'><em>eac</em></span> <span class='ocrx_word' id='word_1_229' title='bbox 1916 1741 2056 1794; x_wconf 60' lang='lat' dir='ltr'><em>amiel-</em></span> 
     </span>
     <span class='ocr_line' id='line_1_23' title="bbox 339 1807 2058 1860; baseline 0.001 -11"><span class='ocrx_word' id='word_1_230' title='bbox 339 1808 567 1849; x_wconf 86' lang='lat' dir='ltr'><em>lationibus</em></span> <span class='ocrx_word' id='word_1_231' title='bbox 587 1807 856 1860; x_wconf 81' lang='lat' dir='ltr'><em>imperatoris</em></span> <span class='ocrx_word' id='word_1_232' title='bbox 880 1807 926 1848; x_wconf 88' lang='lat' dir='ltr'><em>in</em></span> <span class='ocrx_word' id='word_1_233' title='bbox 948 1810 974 1850; x_wconf 89' lang='lat' dir='ltr'><em>t.</em></span> <span class='ocrx_word' id='word_1_234' title='bbox 987 1807 1137 1848; x_wconf 85' lang='lat' dir='ltr'><em>relicta</em></span> <span class='ocrx_word' id='word_1_235' title='bbox 1158 1810 1279 1858; x_wconf 88' lang='lat' dir='ltr'><em>sunt,·</em></span> <span class='ocrx_word' id='word_1_236' title='bbox 1301 1821 1551 1860; x_wconf 76' lang='lat' dir='ltr'><em>quamquam</em></span> <span class='ocrx_word' id='word_1_237' title='bbox 1578 1807 1705 1848; x_wconf 77' lang='lat' dir='ltr'><em>etiam</em></span> <span class='ocrx_word' id='word_1_238' title='bbox 1732 1807 1780 1848; x_wconf 84' lang='lat' dir='ltr'><em>de</em></span> <span class='ocrx_word' id='word_1_239' title='bbox 1806 1821 1916 1849; x_wconf 88' lang='lat' dir='ltr'><em>anno</em></span> <span class='ocrx_word' id='word_1_240' title='bbox 1939 1812 1993 1849; x_wconf 87' lang='grc'><em>40</em></span> <span class='ocrx_word' id='word_1_241' title='bbox 2018 1812 2058 1850; x_wconf 92' lang='lat' dir='ltr'><em>et</em></span> 
     </span>
     <span class='ocr_line' id='line_1_24' title="bbox 338 1874 2054 1929; baseline 0.001 -12"><span class='ocrx_word' id='word_1_242' title='bbox 338 1876 387 1917; x_wconf 81' lang='lat' dir='ltr'><em>(le</em></span> <span class='ocrx_word' id='word_1_243' title='bbox 416 1890 526 1917; x_wconf 88' lang='lat' dir='ltr'><em>anno</em></span> <span class='ocrx_word' id='word_1_244' title='bbox 546 1878 598 1917; x_wconf 87' lang='grc'><em>43</em></span> <span class='ocrx_word' id='word_1_245' title='bbox 628 1876 811 1928; x_wconf 71' lang='lat' dir='ltr'><em>coyitari</em></span> <span class='ocrx_word' id='word_1_246' title='bbox 830 1878 998 1929; x_wconf 83' lang='lat' dir='ltr'><em>potest).</em></span> <span class='ocrx_word' id='word_1_247' title='bbox 1037 1874 1240 1916; x_wconf 81' lang='lat' dir='ltr'><em>Fortasse</em></span> <span class='ocrx_word' id='word_1_248' title='bbox 1266 1889 1350 1916; x_wconf 90' lang='lat' dir='ltr'><em>non</em></span> <span class='ocrx_word' id='word_1_249' title='bbox 1381 1875 1566 1916; x_wconf 82' lang='lat' dir='ltr'><em>diversus</em></span> <span class='ocrx_word' id='word_1_250' title='bbox 1597 1875 1650 1916; x_wconf 91' lang='lat' dir='ltr'><em>ab</em></span> <span class='ocrx_word' id='word_1_251' title='bbox 1682 1889 1727 1916; x_wconf 89' lang='lat' dir='ltr'><em>eo</em></span> <span class='ocrx_word' id='word_1_252' title='bbox 1757 1876 1830 1928; x_wconf 77' lang='lat' dir='ltr'><em>qui</em></span> <span class='ocrx_word' id='word_1_253' title='bbox 1857 1877 2054 1929; x_wconf 78' lang='lat' dir='ltr'><em>sequitur,</em></span> 
     </span>
     <span class='ocr_line' id='line_1_25' title="bbox 338 1932 1913 1998; baseline 0.001 -13"><span class='ocrx_word' id='word_1_254' title='bbox 338 1948 385 1985; x_wconf 85' lang='lat' dir='ltr'><em>ut</em></span> <span class='ocrx_word' id='word_1_255' title='bbox 414 1945 459 1985; x_wconf 88' lang='lat' dir='ltr'><em>in</em></span> <span class='ocrx_word' id='word_1_256' title='bbox 489 1947 516 1985; x_wconf 89' lang='lat' dir='ltr'><em>t.</em></span> <span class='ocrx_word' id='word_1_257' title='bbox 546 1943 773 1997; x_wconf 73' lang='lat' dir='ltr'><em>Cyrenensi</em></span> <span class='ocrx_word' id='word_1_258' title='bbox 792 1957 1051 1996; x_wconf 81' lang='lat' dir='ltr'><em>praenomen</em></span> <span class='ocrx_word' id='word_1_259' title='bbox 1080 1957 1165 1984; x_wconf 91' lang='lat' dir='ltr'><em>non</em></span> <span class='ocrx_word' id='word_1_260' title='bbox 1193 1946 1303 1984; x_wconf 85' lang='lat' dir='ltr'><em>recte</em></span> <span class='ocrx_word' id='word_1_261' title='bbox 1333 1946 1544 1997; x_wconf 61' lang='lat' dir='ltr'><em>exceptum</em></span> <span class='ocrx_word' id='word_1_262' title='bbox 1572 1944 1627 1985; x_wconf 89' lang='lat' dir='ltr'><em>sit</em></span> <span class='ocrx_word' id='word_1_263' title='bbox 1657 1942 1711 1997; x_wconf 91' lang='lat' dir='ltr'><em>(A</em></span> <span class='ocrx_word' id='word_1_264' title='bbox 1734 1957 1818 1997; x_wconf 89' lang='lat' dir='ltr'><em>pro</em></span> <span class='ocrx_word' id='word_1_265' title='bbox 1848 1932 1913 1998; x_wconf 68' lang='lat' dir='ltr'><strong>A‘).</strong></span> 
     </span>
    </p>

    <p class='ocr_par' dir='ltr' id='par_1_5' title="bbox 215 2011 2058 3086">
     <span class='ocr_line' id='line_1_26' title="bbox 215 2011 2057 2064; baseline 0.001 -12"><span class='ocrx_word' id='word_1_266' title='bbox 215 2051 218 2052; x_wconf 14' lang='grc' dir='ltr'><em>γ</em></span> <span class='ocrx_word' id='word_1_267' title='bbox 254 2013 337 2054; x_wconf 86' lang='grc'><em>443</em></span> <span class='ocrx_word' id='word_1_268' title='bbox 367 2019 411 2054; x_wconf 90' lang='lat' dir='ltr'><em>L.</em></span> <span class='ocrx_word' id='word_1_269' title='bbox 443 2018 668 2053; x_wconf 87' lang='lat' dir='ltr'><em>MINICIVS</em></span> <span class='ocrx_word' id='word_1_270' title='bbox 699 2018 858 2053; x_wconf 84' lang='lat' dir='ltr'><strong>RVFVS</strong></span> <span class='ocrx_word' id='word_1_271' title='bbox 889 2012 1109 2064; x_wconf 78' lang='lat' dir='ltr'><em>(Minicius</em></span> <span class='ocrx_word' id='word_1_272' title='bbox 1143 2012 1278 2053; x_wconf 76' lang='lat' dir='ltr'><em>Rufus</em></span> <span class='ocrx_word' id='word_1_273' title='bbox 1304 2011 1412 2053; x_wconf 91' lang='lat' dir='ltr'><em>XII</em></span> <span class='ocrx_word' id='word_1_274' title='bbox 1431 2014 1560 2061; x_wconf 84' lang='grc'><em>2602,</em></span> <span class='ocrx_word' id='word_1_275' title='bbox 1590 2011 1733 2062; x_wconf 89' lang='lat' dir='ltr'><em>Plin.;</em></span> <span class='ocrx_word' id='word_1_276' title='bbox 1762 2012 1808 2053; x_wconf 85' lang='lat' dir='ltr'><em>in</em></span> <span class='ocrx_word' id='word_1_277' title='bbox 1839 2012 2057 2054; x_wconf 87' lang='lat' dir='ltr'><em>consulatu</em></span> 
     </span>
     <span class='ocr_line' id='line_1_27' title="bbox 340 2078 2057 2134; baseline 0.001 -13"><span class='ocrx_word' id='word_1_278' title='bbox 340 2080 559 2121; x_wconf 89' lang='lat' dir='ltr'><em>ordinario</em></span> <span class='ocrx_word' id='word_1_279' title='bbox 588 2080 637 2120; x_wconf 94' lang='lat' dir='ltr'><em>L.</em></span> <span class='ocrx_word' id='word_1_280' title='bbox 667 2079 868 2120; x_wconf 86' lang='lat' dir='ltr'><em>Minicius</em></span> <span class='ocrx_word' id='word_1_281' title='bbox 901 2079 1040 2121; x_wconf 88' lang='lat' dir='ltr'><em>Rufus</em></span> <span class='ocrx_word' id='word_1_282' title='bbox 1067 2078 1320 2121; x_wconf 84' lang='lat' dir='ltr'><em>Censorinus</em></span> <span class='ocrx_word' id='word_1_283' title='bbox 1345 2083 1410 2129; x_wconf 82' lang='lat'><em>17,</em></span> <span class='ocrx_word' id='word_1_284' title='bbox 1437 2083 1512 2130; x_wconf 88' lang='lat'><em>11;</em></span> <span class='ocrx_word' id='word_1_285' title='bbox 1542 2083 1568 2121; x_wconf 95' lang='lat' dir='ltr'><em>t.</em></span> <span class='ocrx_word' id='word_1_286' title='bbox 1596 2079 1812 2133; x_wconf 66' lang='lat' dir='ltr'><em>Phryyius</em></span> <span class='ocrx_word' id='word_1_287' title='bbox 1833 2094 1902 2134; x_wconf 88' lang='lat' dir='ltr'><em>ap.</em></span> <span class='ocrx_word' id='word_1_288' title='bbox 1923 2080 2057 2122; x_wconf 87' lang='lat' dir='ltr'><em>Ram-</em></span> 
     </span>
     <span class='ocr_line' id='line_1_28' title="bbox 336 2147 2058 2202; baseline 0.001 -13"><span class='ocrx_word' id='word_1_289' title='bbox 336 2162 412 2202; x_wconf 70' lang='lat' dir='ltr'><em>say</em></span> <span class='ocrx_word' id='word_1_290' title='bbox 434 2147 611 2201; x_wconf 78' lang='lat' dir='ltr'><em>journal</em></span> <span class='ocrx_word' id='word_1_291' title='bbox 641 2147 692 2200; x_wconf 78' lang='lat' dir='ltr'><em>of</em></span> <span class='ocrx_word' id='word_1_292' title='bbox 712 2147 805 2190; x_wconf 78' lang='lat' dir='ltr'><em>hell.</em></span> <span class='ocrx_word' id='word_1_293' title='bbox 836 2147 994 2188; x_wconf 76' lang='lat' dir='ltr'><em>studies</em></span> <span class='ocrx_word' id='word_1_294' title='bbox 1022 2151 1060 2197; x_wconf 93' lang='grc'><em>4,</em></span> <span class='ocrx_word' id='word_1_295' title='bbox 1092 2150 1200 2189; x_wconf 83' lang='grc'><em>1883</em></span> <span class='ocrx_word' id='word_1_296' title='bbox 1220 2162 1266 2201; x_wconf 92' lang='lat' dir='ltr'><em>p.</em></span> <span class='ocrx_word' id='word_1_297' title='bbox 1298 2151 1394 2197; x_wconf 81' lang='grc'><em>432,</em></span> <span class='ocrx_word' id='word_1_298' title='bbox 1426 2148 1601 2200; x_wconf 76' lang='lat' dir='ltr'><em>itemque</em></span> <span class='ocrx_word' id='word_1_299' title='bbox 1622 2150 1729 2200; x_wconf 89' lang='lat' dir='ltr'><em>puto</em></span> <span class='ocrx_word' id='word_1_300' title='bbox 1761 2147 1828 2189; x_wconf 89' lang='lat' dir='ltr'><em>VI</em></span> <span class='ocrx_word' id='word_1_301' title='bbox 1849 2150 1940 2198; x_wconf 84' lang='grc'><em>541,</em></span> <span class='ocrx_word' id='word_1_302' title='bbox 1981 2149 2058 2190; x_wconf 92' lang='lat' dir='ltr'><em>ubi</em></span> 
     </span>
     <span class='ocr_line' id='line_1_29' title="bbox 339 2212 2056 2268; baseline 0.001 -12"><span class='ocrx_word' id='word_1_303' title='bbox 339 2215 391 2267; x_wconf 76' lang='lat' dir='ltr'><strong>Q.</strong></span> <span class='ocrx_word' id='word_1_304' title='bbox 425 2215 625 2255; x_wconf 76' lang='lat' dir='ltr'><em>Minicius</em></span> <span class='ocrx_word' id='word_1_305' title='bbox 656 2212 829 2268; x_wconf 88' lang='lat' dir='ltr'><em>Ru[f]us</em></span> <span class='ocrx_word' id='word_1_306' title='bbox 869 2214 967 2268; x_wconf 69' lang='lat' dir='ltr'><em>leyit</em></span> <span class='ocrx_word' id='word_1_307' title='bbox 996 2215 1208 2264; x_wconf 80' lang='lat' dir='ltr'><em>Huebner,</em></span> <span class='ocrx_word' id='word_1_308' title='bbox 1248 2218 1389 2256; x_wconf 88' lang='lat' dir='ltr'><em>utrum</em></span> <span class='ocrx_word' id='word_1_309' title='bbox 1430 2214 1478 2256; x_wconf 82' lang='lat' dir='ltr'><strong>O.</strong></span> <span class='ocrx_word' id='word_1_310' title='bbox 1512 2229 1567 2256; x_wconf 91' lang='lat' dir='ltr'><em>an</em></span> <span class='ocrx_word' id='word_1_311' title='bbox 1599 2215 1649 2256; x_wconf 92' lang='lat' dir='ltr'><em>L.</em></span> <span class='ocrx_word' id='word_1_312' title='bbox 1681 2215 1883 2257; x_wconf 83' lang='lat' dir='ltr'><em>Minicius</em></span> <span class='ocrx_word' id='word_1_313' title='bbox 1919 2216 2056 2259; x_wconf 87' lang='lat' dir='ltr'><em>Rufus</em></span> 
     </span>
     <span class='ocr_line' id='line_1_30' title="bbox 339 2282 2055 2336; baseline 0.001 -11"><span class='ocrx_word' id='word_1_314' title='bbox 339 2282 553 2336; x_wconf 66' lang='lat' dir='ltr'><em>ledendum</em></span> <span class='ocrx_word' id='word_1_315' title='bbox 584 2285 686 2324; x_wconf 90' lang='lat' dir='ltr'><em>esset</em></span> <span class='ocrx_word' id='word_1_316' title='bbox 712 2282 918 2323; x_wconf 78' lang='lat' dir='ltr'><em>dubitarit</em></span> <span class='ocrx_word' id='word_1_317' title='bbox 940 2283 1174 2333; x_wconf 66' lang='lat' dir='ltr'><em>Matrinius,</em></span> <span class='ocrx_word' id='word_1_318' title='bbox 1201 2283 1338 2324; x_wconf 80' lang='lat' dir='ltr'><em>Rufus</em></span> <span class='ocrx_word' id='word_1_319' title='bbox 1363 2283 1571 2336; x_wconf 82' lang='lat' dir='ltr'><em>fastorum</em></span> <span class='ocrx_word' id='word_1_320' title='bbox 1601 2283 1818 2335; x_wconf 86' lang='lat' dir='ltr'><em>laterculi,·</em></span> <span class='ocrx_word' id='word_1_321' title='bbox 1847 2284 1898 2326; x_wconf 91' lang='lat' dir='ltr'><em>L.</em></span> <span class='ocrx_word' id='word_1_322' title='bbox 1930 2285 2055 2326; x_wconf 82' lang='lat' dir='ltr'><em>Mini-</em></span> 
     </span>
     <span class='ocr_line' id='line_1_31' title="bbox 340 2350 2056 2405; baseline 0.001 -13"><span class='ocrx_word' id='word_1_323' title='bbox 340 2352 469 2405; x_wconf 85' lang='lat' dir='ltr'><em>c(ius)</em></span> <span class='ocrx_word' id='word_1_324' title='bbox 501 2354 656 2392; x_wconf 86' lang='lat' dir='ltr'><em>tessera</em></span> <span class='ocrx_word' id='word_1_325' title='bbox 682 2350 946 2403; x_wconf 71' lang='lat' dir='ltr'><em>ylacliatoria</em></span> <span class='ocrx_word' id='word_1_326' title='bbox 977 2352 1029 2404; x_wconf 77' lang='lat' dir='ltr'><em>cf.</em></span> <span class='ocrx_word' id='word_1_327' title='bbox 1061 2351 1194 2404; x_wconf 80' lang='lat' dir='ltr'><em>infra,</em></span> <span class='ocrx_word' id='word_1_328' title='bbox 1227 2352 1276 2393; x_wconf 88' lang='lat' dir='ltr'><em>L.</em></span> <span class='ocrx_word' id='word_1_329' title='bbox 1307 2351 1369 2393; x_wconf 90' lang='lat' dir='ltr'><em>V.</em></span> <span class='ocrx_word' id='word_1_330' title='bbox 1389 2384 1398 2393; x_wconf 96' lang='lat'><strong>.</strong></span> <span class='ocrx_word' id='word_1_331' title='bbox 1430 2354 1510 2395; x_wconf 81' lang='lat' dir='ltr'><em>act.</em></span> <span class='ocrx_word' id='word_1_332' title='bbox 1541 2351 1659 2401; x_wconf 70' lang='lat' dir='ltr'><em>Arv„</em></span> <span class='ocrx_word' id='word_1_333' title='bbox 1690 2352 1766 2393; x_wconf 86' lang='lat' dir='ltr'><em>ubi</em></span> <span class='ocrx_word' id='word_1_334' title='bbox 1792 2352 2056 2394; x_wconf 84' lang='lat' dir='ltr'><em>scribendum</em></span> 
     </span>
     <span class='ocr_line' id='line_1_32' title="bbox 337 2418 2056 2475; baseline 0.002 -15"><span class='ocrx_word' id='word_1_335' title='bbox 337 2419 499 2460; x_wconf 78' lang='lat' dir='ltr'><em>videtur</em></span> <span class='ocrx_word' id='word_1_336' title='bbox 525 2419 576 2461; x_wconf 89' lang='lat' dir='ltr'><em>L.</em></span> <span class='ocrx_word' id='word_1_337' title='bbox 609 2418 676 2462; x_wconf 90' lang='lat' dir='ltr'><em>M.</em></span> <span class='ocrx_word' id='word_1_338' title='bbox 696 2454 704 2462; x_wconf 94' lang='lat'><strong>.</strong></span> <span class='ocrx_word' id='word_1_339' title='bbox 723 2419 765 2470; x_wconf 88' lang='lat'><em>.).</em></span> <span class='ocrx_word' id='word_1_340' title='bbox 824 2419 1014 2473; x_wconf 85' lang='lat' dir='ltr'><em>Legatus</em></span> <span class='ocrx_word' id='word_1_341' title='bbox 1043 2419 1231 2473; x_wconf 83' lang='lat' dir='ltr'><em>Augusti</em></span> <span class='ocrx_word' id='word_1_342' title='bbox 1261 2420 1512 2475; x_wconf 87' lang='lat' dir='ltr'><em>provinciae</em></span> <span class='ocrx_word' id='word_1_343' title='bbox 1543 2419 1722 2461; x_wconf 83' lang='lat' dir='ltr'><em>fortasse</em></span> <span class='ocrx_word' id='word_1_344' title='bbox 1751 2419 2056 2474; x_wconf 84' lang='lat' dir='ltr'><em>Lugdunensis</em></span> 
     </span>
     <span class='ocr_line' id='line_1_33' title="bbox 342 2487 2054 2543; baseline 0.001 -15"><span class='ocrx_word' id='word_1_345' title='bbox 342 2489 453 2529; x_wconf 87' lang='lat' dir='ltr'><em>inter</em></span> <span class='ocrx_word' id='word_1_346' title='bbox 493 2502 627 2528; x_wconf 84' lang='lat' dir='ltr'><em>annos</em></span> <span class='ocrx_word' id='word_1_347' title='bbox 667 2487 721 2529; x_wconf 88' lang='lat'><em>83</em></span> <span class='ocrx_word' id='word_1_348' title='bbox 754 2493 795 2528; x_wconf 84' lang='lat' dir='ltr'><em>et</em></span> <span class='ocrx_word' id='word_1_349' title='bbox 825 2488 878 2529; x_wconf 83' lang='lat'><em>88</em></span> <span class='ocrx_word' id='word_1_350' title='bbox 908 2487 1015 2529; x_wconf 93' lang='lat' dir='ltr'><em>XII</em></span> <span class='ocrx_word' id='word_1_351' title='bbox 1036 2491 1166 2530; x_wconf 84' lang='grc'><em>2602.</em></span> <span class='ocrx_word' id='word_1_352' title='bbox 1225 2487 1295 2529; x_wconf 88' lang='lat' dir='ltr'><em>Ad</em></span> <span class='ocrx_word' id='word_1_353' title='bbox 1332 2502 1430 2529; x_wconf 90' lang='lat' dir='ltr'><em>eum</em></span> <span class='ocrx_word' id='word_1_354' title='bbox 1471 2487 1711 2543; x_wconf 83' lang='lat' dir='ltr'><em>praesidem</em></span> <span class='ocrx_word' id='word_1_355' title='bbox 1750 2489 1892 2529; x_wconf 88' lang='lat' dir='ltr'><em>nescio</em></span> <span class='ocrx_word' id='word_1_356' title='bbox 1931 2490 2054 2530; x_wconf 88' lang='lat' dir='ltr'><em>cuius</em></span> 
     </span>
     <span class='ocr_line' id='line_1_34' title="bbox 340 2555 2054 2612; baseline 0.002 -17"><span class='ocrx_word' id='word_1_357' title='bbox 340 2556 585 2610; x_wconf 83' lang='lat' dir='ltr'><em>provinciae</em></span> <span class='ocrx_word' id='word_1_358' title='bbox 617 2556 836 2610; x_wconf 83' lang='lat' dir='ltr'><em>rescripsit</em></span> <span class='ocrx_word' id='word_1_359' title='bbox 855 2555 1131 2597; x_wconf 77' lang='lat' dir='ltr'><em>Domitianus</em></span> <span class='ocrx_word' id='word_1_360' title='bbox 1153 2555 1205 2596; x_wconf 86' lang='lat' dir='ltr'><em>de</em></span> <span class='ocrx_word' id='word_1_361' title='bbox 1231 2555 1379 2597; x_wconf 85' lang='lat' dir='ltr'><em>liberis</em></span> <span class='ocrx_word' id='word_1_362' title='bbox 1400 2557 1605 2612; x_wconf 83' lang='lat' dir='ltr'><em>expositis</em></span> <span class='ocrx_word' id='word_1_363' title='bbox 1627 2555 1741 2598; x_wconf 88' lang='lat' dir='ltr'><em>Plin.</em></span> <span class='ocrx_word' id='word_1_364' title='bbox 1765 2556 1822 2598; x_wconf 83' lang='lat' dir='ltr'><em>ad</em></span> <span class='ocrx_word' id='word_1_365' title='bbox 1845 2556 1963 2598; x_wconf 83' lang='lat' dir='ltr'><em>Trai.</em></span> <span class='ocrx_word' id='word_1_366' title='bbox 1985 2560 2054 2600; x_wconf 88' lang='grc'><em>72.</em></span> 
     </span>
     <span class='ocr_line' id='line_1_35' title="bbox 339 2622 2056 2677; baseline 0.001 -12"><span class='ocrx_word' id='word_1_367' title='bbox 339 2622 499 2665; x_wconf 82' lang='lat' dir='ltr'><em>Consul</em></span> <span class='ocrx_word' id='word_1_368' title='bbox 540 2622 780 2664; x_wconf 85' lang='lat' dir='ltr'><em>ordinarius</em></span> <span class='ocrx_word' id='word_1_369' title='bbox 821 2638 858 2667; x_wconf 81' lang='lat' dir='ltr'><strong>a.</strong></span> <span class='ocrx_word' id='word_1_370' title='bbox 891 2624 944 2664; x_wconf 84' lang='lat'><em>88</em></span> <span class='ocrx_word' id='word_1_371' title='bbox 985 2638 1082 2665; x_wconf 91' lang='lat' dir='ltr'><em>cum</em></span> <span class='ocrx_word' id='word_1_372' title='bbox 1122 2624 1372 2666; x_wconf 85' lang='lat' dir='ltr'><em>Domitiano</em></span> <span class='ocrx_word' id='word_1_373' title='bbox 1413 2624 1543 2666; x_wconf 90' lang='lat' dir='ltr'>XIIII</span> <span class='ocrx_word' id='word_1_374' title='bbox 1582 2624 1709 2677; x_wconf 82' lang='lat' dir='ltr'><em>fasti,</em></span> <span class='ocrx_word' id='word_1_375' title='bbox 1751 2624 1906 2666; x_wconf 86' lang='lat' dir='ltr'><em>deinde</em></span> <span class='ocrx_word' id='word_1_376' title='bbox 1947 2623 2056 2676; x_wconf 88' lang='lat' dir='ltr'><em>(cum</em></span> 
     </span>
     <span class='ocr_line' id='line_1_36' title="bbox 337 2690 2056 2748; baseline 0.003 -17"><span class='ocrx_word' id='word_1_377' title='bbox 337 2690 612 2732; x_wconf 87' lang='lat' dir='ltr'><em>Domitianus</em></span> <span class='ocrx_word' id='word_1_378' title='bbox 629 2691 878 2745; x_wconf 78' lang='lat' dir='ltr'><em>abdicasset)</em></span> <span class='ocrx_word' id='word_1_379' title='bbox 897 2706 994 2733; x_wconf 90' lang='lat' dir='ltr'><em>cum</em></span> <span class='ocrx_word' id='word_1_380' title='bbox 1014 2692 1064 2734; x_wconf 92' lang='lat' dir='ltr'><em>L.</em></span> <span class='ocrx_word' id='word_1_381' title='bbox 1087 2691 1225 2733; x_wconf 78' lang='lat' dir='ltr'><em>Plotio</em></span> <span class='ocrx_word' id='word_1_382' title='bbox 1248 2692 1399 2748; x_wconf 80' lang='lat' dir='ltr'><em>Grypo</em></span> <span class='ocrx_word' id='word_1_383' title='bbox 1422 2692 1618 2736; x_wconf 86' lang='lat' dir='ltr'><em>act.Arv.</em></span> <span class='ocrx_word' id='word_1_384' title='bbox 1641 2693 1715 2734; x_wconf 91' lang='lat' dir='ltr'><em>sub</em></span> <span class='ocrx_word' id='word_1_385' title='bbox 1737 2692 1775 2734; x_wconf 82' lang='lat' dir='ltr'><em>cl.</em></span> <span class='ocrx_word' id='word_1_386' title='bbox 1795 2692 1980 2747; x_wconf 84' lang='lat' dir='ltr'><em>15.Apr.</em></span> <span class='ocrx_word' id='word_1_387' title='bbox 1999 2695 2056 2736; x_wconf 86' lang='lat'><em>88</em></span> 
     </span>
     <span class='ocr_line' id='line_1_37' title="bbox 340 2758 2055 2815; baseline 0.001 -15"><span class='ocrx_word' id='word_1_388' title='bbox 340 2758 434 2810; x_wconf 86' lang='lat' dir='ltr'><em>(VI</em></span> <span class='ocrx_word' id='word_1_389' title='bbox 455 2761 567 2800; x_wconf 82' lang='grc'><em>2065</em></span> <span class='ocrx_word' id='word_1_390' title='bbox 595 2763 649 2797; x_wconf 90' lang='grc' dir='ltr'><em>ΙΙ</em></span> <span class='ocrx_word' id='word_1_391' title='bbox 671 2762 741 2809; x_wconf 82' lang='grc'><em>65,</em></span> <span class='ocrx_word' id='word_1_392' title='bbox 781 2760 856 2800; x_wconf 88' lang='lat' dir='ltr'><em>ubi</em></span> <span class='ocrx_word' id='word_1_393' title='bbox 892 2773 992 2801; x_wconf 82' lang='lat' dir='ltr'><em>sane</em></span> <span class='ocrx_word' id='word_1_394' title='bbox 1032 2760 1120 2801; x_wconf 85' lang='lat' dir='ltr'><em>eius</em></span> <span class='ocrx_word' id='word_1_395' title='bbox 1152 2774 1301 2802; x_wconf 70' lang='lat' dir='ltr'><em>nomen</em></span> <span class='ocrx_word' id='word_1_396' title='bbox 1333 2774 1471 2814; x_wconf 84' lang='lat' dir='ltr'><em>paene</em></span> <span class='ocrx_word' id='word_1_397' title='bbox 1516 2763 1646 2802; x_wconf 89' lang='lat' dir='ltr'><em>totum</em></span> <span class='ocrx_word' id='word_1_398' title='bbox 1677 2761 1852 2815; x_wconf 82' lang='lat' dir='ltr'><em>periit),·</em></span> <span class='ocrx_word' id='word_1_399' title='bbox 1901 2763 2055 2802; x_wconf 85' lang='lat' dir='ltr'><em>tessera</em></span> 
     </span>
     <span class='ocr_line' id='line_1_38' title="bbox 335 2826 2053 2881; baseline 0 -13"><span class='ocrx_word' id='word_1_400' title='bbox 335 2826 599 2880; x_wconf 71' lang='lat' dir='ltr'><em>yladiatoria</em></span> <span class='ocrx_word' id='word_1_401' title='bbox 639 2841 706 2880; x_wconf 88' lang='lat' dir='ltr'><em>ap.</em></span> <span class='ocrx_word' id='word_1_402' title='bbox 746 2826 939 2868; x_wconf 76' lang='lat' dir='ltr'><em>Gattium</em></span> <span class='ocrx_word' id='word_1_403' title='bbox 981 2827 1079 2871; x_wconf 86' lang='lat' dir='ltr'><em>bull.</em></span> <span class='ocrx_word' id='word_1_404' title='bbox 1122 2828 1337 2869; x_wconf 83' lang='lat' dir='ltr'><em>comunale</em></span> <span class='ocrx_word' id='word_1_405' title='bbox 1370 2831 1486 2870; x_wconf 81' lang='lat'><strong><em>1887</em></strong></span> <span class='ocrx_word' id='word_1_406' title='bbox 1514 2843 1560 2881; x_wconf 90' lang='lat' dir='ltr'><em>p.</em></span> <span class='ocrx_word' id='word_1_407' title='bbox 1588 2830 1670 2869; x_wconf 91' lang='grc'><em>188</em></span> <span class='ocrx_word' id='word_1_408' title='bbox 1711 2828 1796 2881; x_wconf 91' lang='grc' dir='ltr'>(ΙΙΙ</span> <span class='ocrx_word' id='word_1_409' title='bbox 1827 2843 1925 2870; x_wconf 90' lang='lat' dir='ltr'><em>non.</em></span> <span class='ocrx_word' id='word_1_410' title='bbox 1958 2828 2053 2870; x_wconf 86' lang='lat' dir='ltr'><em>Oct.</em></span> 
     </span>
     <span class='ocr_line' id='line_1_39' title="bbox 338 2895 2054 2950; baseline 0.001 -14"><span class='ocrx_word' id='word_1_411' title='bbox 338 2895 389 2936; x_wconf 92' lang='lat' dir='ltr'><em>L.</em></span> <span class='ocrx_word' id='word_1_412' title='bbox 411 2895 557 2936; x_wconf 81' lang='lat' dir='ltr'><em>Minio.</em></span> <span class='ocrx_word' id='word_1_413' title='bbox 580 2895 629 2937; x_wconf 92' lang='lat' dir='ltr'><strong>L.</strong></span> <span class='ocrx_word' id='word_1_414' title='bbox 653 2895 802 2949; x_wconf 80' lang='lat' dir='ltr'><em>Plotio,</em></span> <span class='ocrx_word' id='word_1_415' title='bbox 835 2896 944 2937; x_wconf 85' lang='lat' dir='ltr'><em>unde</em></span> <span class='ocrx_word' id='word_1_416' title='bbox 964 2896 1054 2937; x_wconf 88' lang='lat' dir='ltr'><em>noli</em></span> <span class='ocrx_word' id='word_1_417' title='bbox 1074 2896 1266 2950; x_wconf 67' lang='lat' dir='ltr'><em>colliqere</em></span> <span class='ocrx_word' id='word_1_418' title='bbox 1293 2897 1475 2938; x_wconf 83' lang='lat' dir='ltr'><em>Minicio</em></span> <span class='ocrx_word' id='word_1_419' title='bbox 1498 2897 1633 2950; x_wconf 81' lang='lat' dir='ltr'><em>fasces</em></span> <span class='ocrx_word' id='word_1_420' title='bbox 1655 2909 1782 2949; x_wconf 78' lang='lat' dir='ltr'><em>usque</em></span> <span class='ocrx_word' id='word_1_421' title='bbox 1803 2897 1848 2938; x_wconf 80' lang='lat' dir='ltr'><em>in</em></span> <span class='ocrx_word' id='word_1_422' title='bbox 1877 2910 2054 2938; x_wconf 87' lang='lat' dir='ltr'><em>mensem</em></span> 
     </span>
     <span class='ocr_line' id='line_1_40' title="bbox 342 2962 2054 3018; baseline 0.001 -13"><span class='ocrx_word' id='word_1_423' title='bbox 342 2962 561 3005; x_wconf 84' lang='lat' dir='ltr'><em>Octobrem</em></span> <span class='ocrx_word' id='word_1_424' title='bbox 599 2964 824 3012; x_wconf 87' lang='lat' dir='ltr'><em>mansisse,</em></span> <span class='ocrx_word' id='word_1_425' title='bbox 867 2965 919 3017; x_wconf 82' lang='lat' dir='ltr'><em>cf.</em></span> <span class='ocrx_word' id='word_1_426' title='bbox 955 2978 1062 3016; x_wconf 77' lang='lat' dir='ltr'><em>quae</em></span> <span class='ocrx_word' id='word_1_427' title='bbox 1100 2965 1290 3018; x_wconf 69' lang='lat' dir='ltr'><em>exposuit</em></span> <span class='ocrx_word' id='word_1_428' title='bbox 1321 2964 1557 3005; x_wconf 83' lang='lat' dir='ltr'><em>Mommsen</em></span> <span class='ocrx_word' id='word_1_429' title='bbox 1587 2964 1732 3007; x_wconf 87' lang='lat' dir='ltr'><em>Roem.</em></span> <span class='ocrx_word' id='word_1_430' title='bbox 1766 2964 1912 3006; x_wconf 77' lang='lat' dir='ltr'><em>Mitth.</em></span> <span class='ocrx_word' id='word_1_431' title='bbox 1945 2967 2054 3007; x_wconf 91' lang='grc'><em>1889</em></span> 
     </span>
     <span class='ocr_line' id='line_1_41' title="bbox 333 3030 1782 3086; baseline 0.002 -14"><span class='ocrx_word' id='word_1_432' title='bbox 333 3046 380 3084; x_wconf 89' lang='lat' dir='ltr'><em>p.</em></span> <span class='ocrx_word' id='word_1_433' title='bbox 403 3033 512 3083; x_wconf 81' lang='grc'><em>173).</em></span> <span class='ocrx_word' id='word_1_434' title='bbox 546 3054 596 3058; x_wconf 92' lang='grc'>-</span> <span class='ocrx_word' id='word_1_435' title='bbox 629 3030 833 3072; x_wconf 86' lang='lat' dir='ltr'><em>Fortasse</em></span> <span class='ocrx_word' id='word_1_436' title='bbox 861 3045 945 3073; x_wconf 89' lang='lat' dir='ltr'><em>non</em></span> <span class='ocrx_word' id='word_1_437' title='bbox 974 3032 1159 3073; x_wconf 62' lang='lat' dir='ltr'><em>diversus</em></span> <span class='ocrx_word' id='word_1_438' title='bbox 1187 3033 1261 3086; x_wconf 78' lang='lat' dir='ltr'><em>qui</em></span> <span class='ocrx_word' id='word_1_439' title='bbox 1281 3031 1501 3086; x_wconf 84' lang='lat' dir='ltr'><em>praecedit</em></span> <span class='ocrx_word' id='word_1_440' title='bbox 1531 3032 1585 3085; x_wconf 80' lang='lat' dir='ltr'><em>cf.</em></span> <span class='ocrx_word' id='word_1_441' title='bbox 1616 3032 1692 3073; x_wconf 85' lang='lat' dir='ltr'><em>sub</em></span> <span class='ocrx_word' id='word_1_442' title='bbox 1724 3046 1782 3075; x_wconf 79' lang='lat' dir='ltr'><em>eo,</em></span> 
     </span>
    </p>

    <p class='ocr_par' dir='ltr' id='par_1_6' title="bbox 256 3098 2054 3287">
     <span class='ocr_line' id='line_1_42' title="bbox 256 3098 2054 3154; baseline 0.001 -14"><span class='ocrx_word' id='word_1_443' title='bbox 256 3100 339 3140; x_wconf 82' lang='lat'><em>444</em></span> <span class='ocrx_word' id='word_1_444' title='bbox 370 3098 572 3140; x_wconf 90' lang='lat' dir='ltr'><em>Minicius</em></span> <span class='ocrx_word' id='word_1_445' title='bbox 604 3098 809 3153; x_wconf 79' lang='lat' dir='ltr'><em>Sanetus,</em></span> <span class='ocrx_word' id='word_1_446' title='bbox 850 3106 1101 3154; x_wconf 85' lang='lat' dir='ltr'><em>procurator</em></span> <span class='ocrx_word' id='word_1_447' title='bbox 1139 3099 1253 3153; x_wconf 89' lang='lat' dir='ltr'><em>Aug.</em></span> <span class='ocrx_word' id='word_1_448' title='bbox 1297 3099 1625 3153; x_wconf 67' lang='lat' dir='ltr'><em>(marmorumi&#39;)</em></span> <span class='ocrx_word' id='word_1_449' title='bbox 1666 3114 1778 3142; x_wconf 89' lang='lat' dir='ltr'><em>anno</em></span> <span class='ocrx_word' id='word_1_450' title='bbox 1812 3101 1892 3142; x_wconf 83' lang='lat'><em>132</em></span> <span class='ocrx_word' id='word_1_451' title='bbox 1930 3103 2054 3142; x_wconf 82' lang='lat' dir='ltr'><em>notae</em></span> 
     </span>
     <span class='ocr_line' id='line_1_43' title="bbox 337 3166 2052 3222; baseline 0.002 -15"><span class='ocrx_word' id='word_1_452' title='bbox 337 3167 496 3208; x_wconf 82' lang='lat' dir='ltr'><em>incisae</em></span> <span class='ocrx_word' id='word_1_453' title='bbox 525 3166 571 3207; x_wconf 88' lang='lat' dir='ltr'><em>in</em></span> <span class='ocrx_word' id='word_1_454' title='bbox 596 3167 714 3208; x_wconf 74' lang='lat' dir='ltr'><em>saccis</em></span> <span class='ocrx_word' id='word_1_455' title='bbox 741 3166 948 3220; x_wconf 73' lang='lat' dir='ltr'><em>Carystiis</em></span> <span class='ocrx_word' id='word_1_456' title='bbox 968 3167 1129 3209; x_wconf 81' lang='lat' dir='ltr'><em>Romae</em></span> <span class='ocrx_word' id='word_1_457' title='bbox 1153 3169 1342 3221; x_wconf 85' lang='lat' dir='ltr'><em>repertis,</em></span> <span class='ocrx_word' id='word_1_458' title='bbox 1375 3182 1444 3222; x_wconf 89' lang='lat' dir='ltr'><em>ap.</em></span> <span class='ocrx_word' id='word_1_459' title='bbox 1465 3167 1679 3210; x_wconf 66' lang='lat' dir='ltr'><em>Brueeam</em></span> <span class='ocrx_word' id='word_1_460' title='bbox 1700 3182 1797 3210; x_wconf 88' lang='lat' dir='ltr'><em>ann.</em></span> <span class='ocrx_word' id='word_1_461' title='bbox 1818 3168 1914 3210; x_wconf 83' lang='lat' dir='ltr'><em>inst.</em></span> <span class='ocrx_word' id='word_1_462' title='bbox 1937 3168 2052 3210; x_wconf 80' lang='lat' dir='ltr'><em>arch.</em></span> 
     </span>
     <span class='ocr_line' id='line_1_44' title="bbox 340 3237 813 3287; baseline 0.006 -12"><span class='ocrx_word' id='word_1_463' title='bbox 340 3237 449 3276; x_wconf 73' lang='lat'><strong><em>1870</em></strong></span> <span class='ocrx_word' id='word_1_464' title='bbox 468 3249 516 3287; x_wconf 69' lang='lat' dir='ltr'><em>p.</em></span> <span class='ocrx_word' id='word_1_465' title='bbox 539 3238 619 3276; x_wconf 77' lang='lat'><em>173</em></span> <span class='ocrx_word' id='word_1_466' title='bbox 647 3249 688 3278; x_wconf 70' lang='lat' dir='ltr'><em>n.</em></span> <span class='ocrx_word' id='word_1_467' title='bbox 711 3238 750 3277; x_wconf 76' lang='lat'><strong>4.</strong></span> <span class='ocrx_word' id='word_1_468' title='bbox 774 3238 813 3278; x_wconf 83' lang='lat'><strong>5.</strong></span> 
     </span>
    </p>

    <p class='ocr_par' dir='ltr' id='par_1_7' title="bbox 253 3303 2050 3427">
     <span class='ocr_line' id='line_1_45' title="bbox 253 3303 2047 3360; baseline 0.001 -16"><span class='ocrx_word' id='word_1_469' title='bbox 253 3303 335 3344; x_wconf 86' lang='grc'><em>445</em></span> <span class='ocrx_word' id='word_1_470' title='bbox 367 3308 608 3343; x_wconf 85' lang='lat' dir='ltr'><em>MINVCIVS</em></span> <span class='ocrx_word' id='word_1_471' title='bbox 636 3308 871 3344; x_wconf 85' lang='lat' dir='ltr'><strong>THERMVS</strong></span> <span class='ocrx_word' id='word_1_472' title='bbox 913 3303 1095 3355; x_wconf 88' lang='lat' dir='ltr'><em>(Munic-</em></span> <span class='ocrx_word' id='word_1_473' title='bbox 1127 3318 1211 3356; x_wconf 88' lang='lat' dir='ltr'><em>pro</em></span> <span class='ocrx_word' id='word_1_474' title='bbox 1240 3304 1403 3345; x_wconf 90' lang='lat' dir='ltr'><em>Minuc-</em></span> <span class='ocrx_word' id='word_1_475' title='bbox 1437 3303 1583 3358; x_wconf 71' lang='lat' dir='ltr'><em>codex)</em></span> <span class='ocrx_word' id='word_1_476' title='bbox 1623 3310 1823 3360; x_wconf 79' lang='lat' dir='ltr'><em>praetura</em></span> <span class='ocrx_word' id='word_1_477' title='bbox 1863 3304 2047 3358; x_wconf 83' lang='lat' dir='ltr'><em>functus,</em></span> 
     </span>
     <span class='ocr_line' id='line_1_46' title="bbox 339 3370 2050 3427; baseline 0.002 -15"><span class='ocrx_word' id='word_1_478' title='bbox 339 3370 436 3412; x_wconf 87' lang='lat' dir='ltr'><em>odio</em></span> <span class='ocrx_word' id='word_1_479' title='bbox 458 3370 658 3425; x_wconf 85' lang='lat' dir='ltr'><em>Tigellini</em></span> <span class='ocrx_word' id='word_1_480' title='bbox 682 3377 855 3412; x_wconf 81' lang='lat' dir='ltr'><em>necatus</em></span> <span class='ocrx_word' id='word_1_481' title='bbox 882 3371 979 3413; x_wconf 80' lang='lat' dir='ltr'><em>Tac.</em></span> <span class='ocrx_word' id='word_1_482' title='bbox 1002 3385 1040 3412; x_wconf 82' lang='lat' dir='ltr'><em>a.</em></span> <span class='ocrx_word' id='word_1_483' title='bbox 1063 3375 1126 3420; x_wconf 80' lang='grc'><em>10,</em></span> <span class='ocrx_word' id='word_1_484' title='bbox 1149 3375 1219 3413; x_wconf 90' lang='grc'><em>20.</em></span> <span class='ocrx_word' id='word_1_485' title='bbox 1265 3372 1469 3414; x_wconf 82' lang='lat' dir='ltr'><em>Fortasse</em></span> <span class='ocrx_word' id='word_1_486' title='bbox 1488 3372 1603 3427; x_wconf 74' lang='lat' dir='ltr'><em>filius</em></span> <span class='ocrx_word' id='word_1_487' title='bbox 1633 3373 1721 3413; x_wconf 85' lang='lat' dir='ltr'><em>eius</em></span> <span class='ocrx_word' id='word_1_488' title='bbox 1750 3373 1823 3425; x_wconf 78' lang='lat' dir='ltr'><em>qm·</em></span> <span class='ocrx_word' id='word_1_489' title='bbox 1852 3374 2050 3426; x_wconf 81' lang='lat' dir='ltr'><em>sequitur.</em></span> 
     </span>
    </p>
   </div>
  </div>
 </body>
</html>
