2202 3724
284 276 489 312 HORMVS
1143 268 1165 310 1
1171 268 1225 310 48
1234 286 1237 289 ⁴
1851 274 2085 312 HOSIDIVS

292 407 370 449 148
401 407 603 459 Hormus,
634 404 889 460 Vespasiani
909 402 1089 445 libertus
1116 404 1213 446 Tae.
1234 403 1274 446 h.
1294 406 1332 454 3,
1353 406 1423 446 12.-
1443 406 1514 446 27.
1534 406 1608 446 28.
1653 404 1855 459 Dignitas
1877 406 2087 462 equestris

372 474 411 515 ei
442 473 542 515 data
570 473 626 514 ib.
647 475 686 522 4,
710 475 779 514 39.

300 566 357 571 —
399 541 458 582 M.
492 539 784 594 (Hortensius)
816 538 1036 582 Hortalus.

289 610 368 652 149
402 642 410 651 .
431 641 439 650 .
457 615 534 650 IVS
558 614 600 658 Q.
624 613 939 651 HORTENSIVS
965 607 1213 664 ..*ISINVS
1246 607 1299 660 Q.
1322 607 1351 652 f.
1382 607 1611 664 proconsul
1641 608 1907 664 (provinciae
1932 608 2086 666 Cypri)

371 679 398 718 t.
421 675 613 730 Paphius
633 675 822 718 Journal
844 675 894 728 of
906 675 1000 717 hell.
1022 675 1177 717 studies
1196 675 1274 717 IX
1291 690 1339 730 p.
1360 678 1456 726 251,
1487 679 1606 717 1076.
1668 676 1839 718 Videtur
1859 677 2090 731 proconsul

369 744 499 797 fuisse
534 744 610 785 sub
650 743 922 794 Domitiano,·
960 757 1061 785 nam
1099 744 1145 784 in
1182 743 1290 785 hune
1321 744 1592 797 potissimum
1635 744 1848 797 quadrant
1889 758 1996 798 quae
2040 759 2090 788 ea:

370 812 536 854 nomine
575 811 846 866 imperatoris
886 811 1037 853 relicta
1075 814 1174 853 sunt
1208 812 1253 853 in
1292 812 1414 854 titulo
1455 812 1737 869 [αὐτοκράτορα
1767 811 1966 870 Κα]ίσαρα
1994 815 2090 858 θεοῦ

373 880 576 937 Σεβαστοῦ
607 881 687 922 υἱὸν
718 878 984 936 [Δομετιανὸν]
1015 880 1228 937 Σεβαστὸν,
1258 881 1329 922 via:
1357 881 1403 922 in
1429 880 1562 922 ullum
1593 880 1725 922 alium
1754 882 2060 935 imperatorem.

289 949 370 990 150
399 948 659 990 Hortensius
705 946 886 1002 Corbio,
939 962 1070 1004 nepos
1117 947 1170 1001 Q.
1211 948 1432 990 Hortensii
1480 949 1681 1004 oratoris,
1725 950 1815 991 vita
1854 949 2090 993 obscaenus

373 1016 567 1059 Valerius
597 1016 818 1059 Maoeimus
836 1019 875 1068 3,
895 1019 935 1067 5,
955 1020 994 1059 4.

290 1085 367 1127 151
400 1084 461 1128 Μ.
492 1085 786 1139 (Hortensius)
818 1084 1026 1127 Hortalus
1058 1083 1336 1139 (praenomen
1367 1085 1493 1127 habet
1518 1085 1718 1139 Tacitus),
1747 1101 1879 1142 nepos
1904 1085 1956 1139 Q.
1978 1087 2090 1129 Hor-

372 1153 496 1195 tensii
526 1152 719 1207 oratoris,
751 1152 998 1209 permodica
1025 1168 1071 1194 re
1098 1152 1311 1207 familiari,
1344 1153 1398 1195 ab
1429 1153 1628 1208 Augusto
1659 1153 1917 1196 liberalitate
1948 1154 2089 1197 decies

372 1221 555 1263 sestertii
591 1220 805 1263 adductus
846 1228 910 1263 est
948 1227 997 1263 ut
1036 1236 1216 1263 uxorem
1247 1221 1423 1264 duceret
1462 1228 1505 1264 et
1534 1228 1737 1278 quattuor
1766 1237 1821 1264 ex
1851 1238 1902 1264 ea
1934 1222 2091 1265 liberos

372 1287 553 1332 tolleret.
612 1287 667 1331 A.
700 1289 752 1330 16
784 1303 881 1331 eum
911 1288 1077 1330 Tiberii
1109 1303 1234 1346 opem
1263 1289 1523 1346 imploraret,
1556 1289 1773 1346 repulsam
1804 1290 1913 1333 tulit.
1964 1290 2091 1335 Unde

374 1356 526 1399 domus
567 1356 657 1399 eius
694 1356 752 1398 ad
792 1356 1038 1412 pudendam
1069 1358 1256 1414 inopiam
1287 1356 1462 1414 delapsa
1498 1358 1596 1400 Tac.
1629 1373 1668 1400 a.
1697 1360 1740 1409 2,
1771 1361 1838 1401 37.
1867 1361 1944 1411 38;
1975 1358 2091 1402 Suet.

377 1425 467 1468 Tib.
496 1427 564 1467 47.

289 1495 372 1537 152
402 1499 717 1536 HORTENSIVS
758 1500 1003 1536 PAVLINVS
1044 1493 1306 1535 clarissimus
1346 1495 1415 1535 vir
1454 1494 1616 1548 teyulae
1654 1495 1846 1537 urbanae
1884 1494 1983 1537 XV
2002 1497 2095 1538 415.

373 1565 466 1604 416.
495 1565 579 1604 417
607 1562 661 1615 ef.
683 1576 732 1616 p.
755 1564 850 1605 125.
902 1562 1023 1604 Idem
1051 1563 1245 1615 fortasse,
1276 1565 1323 1603 ut
1353 1563 1527 1604 coniecit
1558 1562 1793 1613 Marinius,
1826 1563 1892 1605 M.
1922 1562 2097 1606 Cassius

374 1630 628 1673 Hortensius
648 1630 860 1673 Paulinus
879 1634 1062 1685 praetor
1078 1631 1269 1672 urbanus
1290 1635 1310 1688 (
1317 1630 1385 1672 VI
1398 1630 1511 1684 318).
1543 1630 1749 1673 Diversus
1767 1634 1874 1685 puto
1898 1631 1963 1689 M.
1985 1631 2098 1673 Hor-

377 1699 533 1741 tensius
559 1698 769 1740 Paulinus
800 1698 988 1752 aequalis
1017 1698 1191 1740 Bellieii
1222 1698 1417 1741 Sollertis
1445 1698 1627 1741 consulis
1647 1699 1715 1754 (V
1734 1698 1878 1748 3338).

304 1793 361 1798 -—
404 1774 456 1810 M.
491 1773 689 1809 CASSIVS
721 1773 1034 1809 HORTENSIVS
1066 1773 1325 1811 PAVLINVS.
1811 1823 1814 1826 ‚

295 1837 377 1878 153
409 1835 615 1877 Hosidius
647 1834 760 1878 Geta
790 1835 895 1890 (pro
925 1835 1081 1878 Hosid-
1112 1835 1242 1878 codex
1273 1836 1453 1889 optimus
1472 1835 1772 1890 Ayebarolinus
1791 1835 1960 1889 Vosid-)
1994 1835 2098 1877 ‘Me-

379 1903 505 1947 deam
550 1903 815 1958 tragoediam
861 1919 915 1946 ex
958 1903 1149 1959 Vergilio
1191 1903 1437 1960 plenissime
1481 1905 1670 1946 exsuxit‘
1722 1903 2007 1947 Tertullianus
2051 1903 2100 1946 de

378 1972 635 2026 praescript.
666 1972 820 2014 haeret.
850 1975 916 2028 39.
982 1972 1100 2015 Talis
1139 1975 1255 2014 cento
1296 1975 1411 2014 extat
1445 1973 1491 2014 in
1521 1972 1660 2014 codiee
1688 1972 1972 2027 Antholoyiae
2002 1972 2101 2015 Sal-

378 2040 571 2082 masiano
594 2038 727 2094 (apud
745 2040 871 2083 Riese
892 2040 1049 2083 anthol.
1072 2041 1170 2082 Lat.
1191 2040 1225 2082 I
1219 2055 1267 2095 p.
1288 2043 1342 2083 49
1362 2039 1474 2094 seq),
1503 2040 1683 2082 Hosidio
1703 2040 1771 2082 illi
1790 2040 1923 2082 tribui
1941 2039 2100 2082 solitus.

298 2109 378 2150 154
413 2107 674 2163 [HOSIDIVS]
707 2114 839 2150 GETA
879 2107 1154 2163 (gentilicium
1193 2108 1399 2163 supplevit
1429 2109 1667 2150 Mommsen
1700 2122 1751 2151 ex
1779 2108 1927 2163 teyulis
1956 2108 2102 2151 Histo-

380 2176 595 2218 niensibus
634 2176 716 2219 IX
743 2179 864 2228 6078,
896 2180 962 2220 96.
991 2180 1057 2221 97.
1089 2176 1181 2232 99),
1222 2178 1493 2233 quattuorvir
1533 2178 1700 2219 viarum
1746 2191 1858 2231 eun,
1900 2183 2102 2232 quaestor

381 2245 628 2301 provinciae
650 2278 659 2288 .
678 2279 686 2287 .
705 2279 714 2287 .
733 2278 764 2300 .,
797 2246 1015 2302 quaesitor
1031 2279 1040 2288 .
1060 2279 1069 2288 .
1089 2279 1098 2288 .
1130 2246 1414 2300 fraymentum
1439 2245 1556 2288 tituli
1574 2246 1861 2288 Histoniensis
1878 2244 1959 2288 IX
1974 2247 2102 2288 2844.

382 2313 528 2356 Potest
557 2327 640 2356 esse
668 2327 777 2356 unus
807 2328 857 2357 eoe
885 2315 945 2357 eis
972 2315 1046 2368 qui
1073 2317 1312 2368 sequuntur.

300 2383 380 2426 155
413 2388 490 2424 CN.
522 2388 755 2424 HOSIDIVS
795 2389 927 2424 GETA
969 2383 1035 2438 (ex
1068 2383 1254 2437 posteris
1292 2383 1382 2424 sine
1418 2383 1545 2425 dubio
1571 2381 1617 2425 O.
1647 2382 1822 2425 Hosidii
1847 2381 1979 2424 Getae
1999 2396 2103 2436 pro-

381 2451 531 2505 seri'joti
552 2465 579 2492 a
600 2451 845 2502 triumviris,
867 2451 955 2493 Dio
975 2455 1041 2501 47,
1065 2455 1129 2501 10,
1153 2451 1343 2505 Appian.
1365 2452 1401 2493 b.
1424 2465 1456 2493 e.
1477 2455 1515 2501 4,
1537 2454 1601 2501 41,
1625 2452 1679 2504 ef.
1704 2451 1939 2493 Mommsen
1957 2449 2103 2492 Roem.

383 2519 652 2561 Munzwesen
674 2533 720 2573 Ρ.
744 2523 823 2561 640
850 2534 890 2562 n.
913 2518 1031 2573 287),
1064 2526 1160 2575 post
1186 2526 1434 2575 praeturam
1463 2518 1629 2573 legatus
1660 2518 1832 2561 Claudii
1862 2519 1907 2560 in
1937 2518 2106 2561 Maure-

385 2588 521 2642 tania,
564 2588 801 2629 exercitum
831 2587 952 2630 ducit
990 2588 1034 2629 in
1071 2587 1288 2629 desertum
1318 2587 1407 2629 Dio
1439 2591 1503 2637 60,
1538 2591 1577 2629 9.
1635 2587 1688 2629 A.
1721 2588 1775 2629 43
1806 2587 1850 2628 in
1880 2587 2107 2629 Britannia

386 2670 485 2697 eum
515 2655 635 2698 hoste
664 2656 882 2710 conflixit3
924 2661 1176 2698 ornamenta
1217 2655 1493 2711 triumphalia
1531 2656 1697 2711 aceepit
1736 2654 1927 2697 nondum
1956 2654 2106 2697 consul

386 2723 473 2766 Dio
493 2727 558 2774 60,
580 2727 651 2768 20.
701 2723 862 2767 Consul
884 2725 980 2767 suff.
1003 2738 1099 2765 eum
1121 2723 1171 2765 L.
1195 2723 1390 2778 Vagellio
1423 2730 1609 2765 exeunte
1639 2738 1750 2765 anno
1781 2722 1851 2765 vel
1881 2725 1935 2765 45
1957 2722 2027 2765 vel
2051 2723 2107 2766 46

388 2792 433 2834 Χ
460 2795 566 2834 1401
597 2793 651 2846 ef.
673 2807 721 2846 p.
742 2795 795 2835 51
824 2795 909 2834 not.
931 2795 967 2834 1.

306 2861 386 2902 156
413 2866 465 2902 Μ.
487 2866 719 2902 HOSIDIVS
742 2860 905 2915 [GET]A
926 2860 1165 2914 (coynomen
1184 2860 1231 2901 in
1250 2875 1276 2901 a
1295 2859 1485 2902 desinens
1500 2862 1609 2901 reete
1628 2860 1692 2901 ita
1711 2859 1916 2913 supplevit
1927 2858 2108 2901 Momm-

390 2927 491 2982 sen),
522 2927 582 2970 M.
604 2927 646 2982 f.,
679 2928 795 2970 tribu
816 2927 966 2983 A[rn.],
998 2927 1120 2969 adest
1144 2927 1371 2969 scribendo
1393 2933 1565 2969 senatus
1588 2926 1781 2969 consulto
1808 2927 1862 2968 de
1882 2926 2109 2982 Cyzicenis

391 2996 479 3038 III
502 2995 548 3038 S.
571 2999 692 3038 7060.

311 3065 388 3106 157
422 3063 474 3116 Q.
495 3063 702 3106 Hosidius
732 3064 844 3108 Geta
876 3063 924 3106 C.
948 3063 976 3107 f.
1007 3063 1168 3118 te-qulae
1189 3064 1477 3106 Hz'stonienses
1508 3063 1586 3106 IX
1603 3066 1727 3114 6078,
1748 3066 1805 3106 97
1833 3063 2110 3118 (praenomen

394 3132 539 3186 patris
569 3134 608 3174 et
636 3146 735 3186 eoyn
743 3145 859 3175 omen
887 3132 934 3173 in
961 3145 1044 3173 uno
1070 3134 1233 3173 tantum
1262 3131 1445 3186 exemplo
1486 3132 1635 3186 aynita
1671 3130 1798 3185 sunO.
1858 3130 1951 3172 Aut
1986 3130 2111 3173 huius

395 3202 471 3242 aut
497 3200 624 3242 unius
653 3213 796 3242 eorum
817 3199 890 3254 qui
909 3199 1171 3253 praecedunt
1190 3200 1300 3242 servi
1320 3200 1551 3242 Montanus
1573 3199 1727 3241 Hosidi
1751 3198 1948 3254 [G]eta[e]
1969 3199 2112 3253 siyna-
2184 3216 2188 3232 2

361 3290 364 3293 μ
396 3267 535 3310 culum
573 3268 756 3309 incertae
795 3267 972 3321 oriyinis
1010 3267 1092 3309 IX
1117 3270 1240 3317 6083,
1272 3271 1338 3317 96,
1370 3267 1613 3323 Aphtonius
1642 3267 1698 3310 H.
1730 3267 1783 3310 G.
1816 3265 1957 3320 teyula
1977 3280 2113 3320 prope

398 3335 628 3378 Anxanum
656 3349 744 3390 rep.
775 3335 855 3378 IX
880 3337 1003 3385 6078,
1033 3337 1100 3376 36.
