2202 3724
167 286 408 325 OPPIANVS
1023 281 1107 323 435
1804 284 1976 330 OPPIVS

167 417 221 460 74
251 417 498 474 Oppianus,
540 419 612 473 qui
654 418 828 473 scripsit
866 416 1125 460 halieuticon
1167 417 1299 460 libros
1340 417 1533 473 quinque
1573 416 1647 472 qui
1685 422 1849 464 extant.
1911 415 1975 469 Cf.

256 485 414 530 :cli-H.
436 485 608 527 Martin
632 485 794 527 Etudes
822 499 897 527 sur
928 485 972 527 la
1000 487 1063 528 vie
1091 489 1131 528 et
1161 485 1218 528 les
1248 498 1404 527 oeuvres
1426 484 1639 538 ‹l'Oppien
1659 483 1814 539 [Paris
1835 483 1976 539 1863]

250 553 366 595 Cilix
406 554 566 596 codices
604 554 900 604 Halieuticon,
942 554 1189 597 Athenaeus
1218 554 1251 596 I
1274 569 1323 608 p.
1353 553 1441 603 131’,
1478 552 1694 595 Eusebius
1724 551 1881 602 chron„
1924 567 1978 593 ex

251 621 420 677 Coryco
463 623 550 676 ipse
579 622 666 664 hal.
696 625 735 672 3,
767 625 852 665 206
881 636 961 676 seq.
995 623 1048 676 cf.
1079 626 1119 674 3,
1153 626 1193 664 8.
1227 626 1266 672 9,
1307 621 1468 664 Suidas
1505 621 1580 674 (ex
1620 620 1852 663 Anazarbo
1890 621 1977 662 vita

253 689 442 744 Oppiani
461 705 530 744 ap.
552 690 842 734 Westermann
860 691 1045 733 vitarum
1065 692 1292 745 scriptores
1310 691 1492 732 minores
1512 704 1561 743 p.
1582 692 1649 739 63,
1682 690 1760 731 ἀπὸ
1783 687 1976 745 Κωρύκου

249 759 274 814 ἢ
295 757 365 800 ἀπ’
387 756 623 818 Ἀναξάρβου
644 763 712 815 τῆς
734 758 910 805 Κιλικίας
932 759 1074 802 eadem
1092 761 1182 801 vita
1194 758 1392 814 paullum
1414 758 1737 811 transformata,
1759 758 1816 799 ib.
1831 772 1878 811 p.
1895 757 1977 810 65).

250 826 474 869 Athenaeo
506 826 650 883 paullo
682 828 899 883 antiquior
924 827 1077 870 Athen.
1101 827 1135 870 I
1148 842 1196 882 p.
1219 830 1276 869 13
1286 827 1313 876 ¹²,
1345 829 1521 883 γεγονὼς
1548 827 1611 868 ἐπὶ
1641 825 1808 882 Μάρκου
1841 823 1977 867 Ἀντω-

251 901 357 939 νίνου
390 897 586 953 βασιλέως
617 896 779 939 Suidas
809 910 841 938 s.
867 910 929 947 v.;
968 898 1069 938 item
1111 894 1377 952 temporibus
1407 895 1618 936 Antonini
1649 893 1875 950 Oppianus
1905 894 1977 936 ad-

250 963 453 1006 scribitur
489 965 646 1007 Euseb.
679 965 819 1007 chron.
857 965 977 1019 (vers.
1009 965 1132 1007 Arm.
1163 978 1196 1006 s.
1228 978 1268 1006 a.
1298 964 1407 1006 Abr.
1431 965 1556 1013 2186,
1598 963 1883 1017 Hieronymus
1923 963 1980 1005 ad

250 1047 290 1074 a.
321 1033 466 1082 2188).
524 1033 774 1075 Halieutica
814 1033 1034 1075 dedicavit
1074 1034 1290 1076 Antonino
1334 1033 1583 1088 imperatori
1623 1031 1709 1075 hal.
1742 1035 1781 1082 1,
1807 1034 1847 1073 3.
1877 1035 1916 1082 4,
1938 1034 1977 1081 5,

249 1100 424 1158 filioque
455 1103 547 1144 eius
577 1117 664 1143 una
686 1103 885 1156 regnanti
906 1106 949 1152 2,
972 1105 1053 1144 683
1081 1102 1135 1155 cf.
1158 1105 1197 1151 1,
1220 1104 1284 1143 66.
1313 1104 1354 1150 4,
1375 1102 1414 1143 5.
1445 1102 1485 1150 5,
1506 1102 1572 1150 45,
1604 1101 1633 1141 i.
1655 1115 1687 1142 e.
1712 1100 1779 1142 M.
1800 1099 1979 1142 Aurelio

248 1173 288 1212 et
317 1169 538 1212 Commodo
567 1170 777 1225 Auqustis
808 1168 1053 1224 (177-180).
1080 1196 1128 1201 -
1162 1169 1366 1211 Diversus
1396 1168 1622 1224 Oppianus
1653 1168 1753 1223 (sive
1783 1183 1862 1222 quo
1893 1168 1979 1210 alio

248 1239 416 1282 nomine
453 1239 559 1291 fuit,
598 1242 742 1292 potest
789 1240 899 1281 enim
943 1239 1131 1292 Oppiani
1179 1252 1329 1280 nomen
1375 1251 1516 1279 errore
1556 1238 1817 1291 cyneyeticon
1857 1238 1980 1280 libris

246 1307 561 1361 praescriptum
582 1309 683 1362 esse)
706 1309 780 1362 qui
802 1308 976 1362 scripsit
1004 1307 1289 1362 cynegeticon
1318 1305 1451 1348 libros
1478 1306 1552 1361 qui
1583 1311 1734 1347 extant
1753 1313 1979 1362 quattu0r3

250 1375 458 1417 oriundus
488 1374 684 1431 Apamea
718 1374 773 1418 ad
805 1374 1015 1417 Orontem
1054 1375 1307 1431 provinciae
1339 1373 1492 1429 Syriae
1523 1387 1662 1428 cyney.
1695 1377 1738 1424 2,
1770 1377 1867 1417 127.
1900 1378 1984 1418 157

249 1443 505 1499 (Apameam
542 1444 782 1498 siqnificari
822 1447 1003 1498 apparet
1041 1458 1092 1486 ex
1132 1443 1344 1486 Strabone
1384 1445 1438 1484 16
1476 1457 1523 1496 Ρ.
1558 1441 1683 1495 752);
1727 1443 1981 1497 cynegetica

249 1512 469 1555 dedicavit
493 1511 714 1554 Antonino
737 1511 889 1555 Severi
914 1518 957 1554 et
978 1512 1177 1554 Domnae
1208 1511 1296 1553 filio
1328 1524 1469 1565 cyney.
1491 1514 1529 1560 1,
1550 1513 1589 1554 3.
1611 1513 1638 1553 4
1647 1523 1660 1560 ;
1690 1517 1818 1552 antea
1847 1512 1980 1553 versi-

249 1581 330 1623 bus
369 1587 632 1622 tractaverat
671 1579 835 1622 bellum
874 1580 1126 1622 Parthicum
1169 1580 1359 1633 (Severi)
1402 1592 1540 1633 cyney.
1563 1583 1600 1629 1,
1631 1581 1699 1620 31.
1758 1578 1824 1633 Cf.
1856 1580 1895 1624 I.
1925 1579 1978 1623 G.

250 1649 481 1692 Schneider
501 1648 559 1690 ad
577 1648 816 1703 Oppianum
837 1649 949 1704 (hal.
965 1652 1005 1699 3,
1022 1648 1098 1703 27)
1119 1648 1202 1704 [ed.
1220 1649 1448 1702 Aryentor.
1466 1650 1587 1697 1776,
1602 1662 1650 1701 Ρ.
1667 1647 1782 1702 404],
1808 1648 1981 1693 Martin

249 1717 275 1760 l.
308 1731 341 1762 c.
364 1732 413 1772 p.
435 1721 491 1759 17
506 1730 588 1771 seq.
622 1742 673 1746 ——
706 1716 899 1775 Denique
930 1718 1048 1760 tertii
1077 1717 1261 1760 alicuius
1289 1719 1444 1770 poetae
1472 1714 1694 1770 (Dionysii
1721 1719 1771 1758 ut
1796 1717 1978 1772 videtur)

246 1786 440 1832 videntur
478 1786 609 1839 fuisse
638 1786 835 1828 Ixeutica
865 1785 1086 1841 (Oppiano
1126 1786 1290 1828 tributa
1330 1786 1376 1826 in
1412 1784 1537 1826 huius
1573 1785 1663 1826 vita
1694 1787 1734 1826 et
1764 1798 1792 1826 a
1822 1783 1978 1838 Suida)

245 1869 421 1909 quorum
462 1857 578 1896 extat
613 1850 904 1909 paraphrasis
947 1854 1118 1898 Graeca
1154 1867 1293 1908 prosa
1334 1854 1525 1896 oratione
1564 1853 1637 1908 (cf.
1670 1853 1844 1895 Martin
1885 1853 1911 1897 l.
1945 1867 1977 1895 c.

244 1939 292 1978 p.
309 1927 368 1966 26
386 1923 500 1977 seq).
520 1948 564 1952 —
583 1921 791 1966 Carmina
812 1923 1069 1978 (halieutica
1087 1926 1136 1965 ut
1154 1922 1332 1972 videtur,
1357 1922 1412 1976 cf.
1433 1923 1504 1963 vit.
1529 1936 1597 1975 ap.
1618 1921 1833 1969 Westerm.
1849 1936 1894 1976 p.
1913 1922 1982 1977 66)

248 1992 491 2048 composuit
510 1992 555 2033 in
574 1991 717 2034 insula
731 1991 891 2046 Melite,
916 1992 1031 2048 patri
1053 2006 1195 2034 comes
1217 1990 1348 2045 exilii,
1372 2005 1456 2046 quo
1479 1989 1549 2031 hic
1571 2005 1596 2031 a
1617 1989 1777 2032 Severo
1799 1991 1964 2046 impera

243 2068 336 2104 tore
366 2059 570 2103 multatus
601 2066 717 2112 erat3
748 2066 899 2116 postea
919 2060 1100 2102 Romam
1131 2059 1350 2115 profectus
1373 2059 1564 2101 carmina
1586 2057 1741 2101 obtulit
1761 2058 1981 2113 Antonino

248 2130 400 2173 Severi
429 2127 530 2182 filio,
562 2143 662 2171 nam
684 2128 873 2172 Severus
899 2129 1065 2171 interea
1096 2127 1325 2170 defunctus
1352 2134 1455 2181 erat,
1490 2134 1533 2169 et
1561 2127 1616 2170 ab
1647 2142 1696 2170 eo
1728 2141 1815 2169 non
1841 2127 1981 2174 solum

248 2198 434 2241 reditum
458 2198 595 2253 patris
625 2198 888 2253 impetravit,
922 2197 998 2239 sed
1028 2198 1156 2243 etiam
1187 2196 1367 2252 singulis
1398 2197 1541 2238 aureis
1571 2211 1650 2252 pro
1681 2195 1863 2250 singulis
1893 2211 1982 2237 car—

246 2267 411 2316 minum
446 2265 671 2308 versiculis
708 2265 893 2308 donatus
931 2273 994 2308 est
1036 2271 1079 2318 (a
1110 2265 1262 2308 Severo
1302 2266 1367 2307 ita
1398 2264 1598 2307 donatum
1627 2277 1713 2312 esse
1741 2263 1982 2319 Oppianum

241 2349 326 2389 pro
354 2334 533 2389 sinyulis
561 2334 820 2376 halieuticon
850 2335 1038 2377 versibus
1057 2337 1214 2376 narrat
1235 2334 1514 2384 Soeomenus;
1541 2347 1692 2375 nomen
1711 2333 1983 2387 imperatoris

246 2417 332 2445 non
358 2404 485 2457 ponit
519 2402 719 2457 Suidas)‚·
753 2403 868 2445 vixit
902 2418 1037 2445 annos
1067 2403 1205 2445 XXX
1230 2403 1341 2445 vitae
1368 2401 1558 2456 Oppiani
1588 2415 1657 2455 ap.
1689 2400 1980 2444 Westermann

250 2472 275 2515 l.
308 2486 342 2514 c.
371 2486 419 2526 p.
441 2474 604 2522 63-66;
635 2471 690 2525 cf.
713 2471 966 2514 Soeomenus
995 2471 1092 2515 hist.
1124 2471 1220 2513 eccl.
1243 2471 1416 2525 praef.,·
1446 2469 1609 2514 Suidas
1634 2483 1667 2513 s.
1688 2483 1726 2511 v.
1777 2469 1915 2524 (Haec
1944 2472 1983 2512 et

248 2540 414 2593 reliqua
438 2553 544 2593 quae
576 2539 602 2581 l.
631 2553 664 2581 c.
695 2543 936 2582 narrantur
959 2539 1042 2594 fide
1064 2553 1225 2594 parum
1255 2539 1386 2593 cliyna
1415 2538 1621 2588 videntur,
1654 2541 1750 2580 orta
1778 2539 1981 2588 nimirum

249 2623 299 2651 ex
336 2609 459 2662 fama
497 2608 660 2650 incerta
697 2622 742 2650 eo
787 2611 971 2662 tempore
1008 2622 1088 2662 quo
1128 2607 1326 2662 Oppiano
1353 2606 1482 2650 Cilici
1519 2606 1778 2657 halieuticon
1817 2607 1984 2649 auctori

248 2678 336 2719 iam
366 2676 458 2718 alia
493 2677 708 2726 carmina,
741 2677 952 2731 imprimis
983 2677 1233 2731 cynegetica,
1265 2676 1484 2730 supposita
1516 2677 1679 2730 essent.)

162 2770 217 2774 -
248 2743 490 2788 vacws
523 2739 782 2787 OPPIANVS.

164 2814 217 2856 75
249 2819 420 2856 OPPIVS
443 2819 620 2855 CAPITO
646 2814 715 2854 vir
745 2814 1010 2869 praetorius3
1043 2812 1096 2854 de
1127 2813 1261 2855 scirro
1294 2813 1331 2855 ei
1364 2813 1408 2854 in
1429 2819 1582 2855 ventre
1609 2818 1710 2855 nato
1734 2810 1852 2853 Plin.
1874 2811 1915 2852 h.
1936 2825 1977 2853 n.

251 2885 288 2932 7,
310 2885 374 2925 63.
434 2881 515 2924 Vix
543 2881 612 2924 hie
634 2881 701 2924 M.
731 2881 894 2937 Oppius
926 2881 1080 2936 Capito
1102 2881 1349 2935 praefectus
1380 2880 1529 2923 classis
1560 2879 1626 2925 M.
1658 2879 1841 2922 Antonii
1870 2880 1979 2921 inter

250 2962 384 2992 annos
415 2952 493 2992 715
524 2953 563 2992 et
592 2953 690 3000 720,
733 2950 906 2992 testibus
944 2950 1127 2992 nummis
1157 2963 1225 3004 ap.
1257 2948 1418 2990 Eckhel
1447 2951 1473 2989 6
1492 2963 1540 3002 Ρ.
1562 2950 1628 2998 55,
1668 2946 1808 2990 Cohen
1841 2946 1979 2988 Anto-

247 3018 346 3059 nius
383 3031 425 3059 n.
456 3019 531 3067 98,
563 3017 667 3059 Ant.
697 3021 736 3060 et
765 3017 942 3061 Octavia
971 3031 1013 3059 n.
1036 3020 1190 3066 11-13,
1222 3016 1326 3060 Ant.
1357 3016 1536 3058 Octavia
1567 3019 1607 3057 et
1630 3015 1848 3069 Auyustus
1878 3029 1918 3056 n.
1942 3018 1978 3055 1.

166 3085 220 3127 76
251 3084 419 3142 Oppius
451 3084 626 3139 Chares,
658 3087 978 3140 grammaticus,
1011 3085 1162 3128 docuit
1191 3086 1236 3126 in
1263 3084 1408 3128 Gallia
1428 3090 1574 3138 togata
1595 3083 1709 3126 Suet.
1733 3082 1781 3124 de
1799 3096 1977 3136 9ramm.

251 3157 290 3195 et
318 3153 423 3196 rhet.
442 3156 480 3195 4.
540 3153 746 3196 Fortasse
776 3157 1006 3208 temporum
1036 3154 1234 3208 Auyusti.

163 3245 221 3252 —
252 3227 294 3263 C.
326 3227 492 3263 IVLIVS
524 3226 695 3263 OPPIVS
725 3227 974 3265 CLEMENS.

166 3290 219 3332 77
252 3296 293 3331 C.
326 3295 498 3331 OPPIVS
529 3295 737 3330 SABINVS
777 3288 964 3346 (Oppius
1007 3290 1196 3333 Sabinus
1239 3289 1355 3332 Suet.
1385 3288 1510 3330 Eutr.
1543 3286 1686 3338 Iord.‚·
1719 3299 1979 3341 praenomen

252 3373 302 3401 ex
332 3357 453 3400 titulo
484 3356 569 3411 filii
596 3357 677 3399 IX
697 3359 836 3408 5833;
866 3358 911 3399 in
943 3358 1162 3400 consulatu
1195 3357 1401 3410 Sabinus)
1428 3356 1578 3398 consul
1609 3355 1698 3398 ord.
1730 3371 1769 3396 a.
1794 3355 1850 3396 84
1880 3368 1978 3395 cum

1632 3423 1703 3458 28*
