2202 3724
290 301 506 338 LICINIVS
1145 293 1229 336 284
1864 296 2081 334 LICINIVS

291 434 370 476 165
400 440 443 474 L.
475 437 693 474 LICINIVS
737 436 944 471 sAssmvs
979 430 1184 483 magister
1218 426 1430 469 sodalium
1458 425 1761 480 Augustalium
1793 425 2082 469 Claudialium

371 517 408 543 a.
433 501 515 542 214
546 499 613 541 VI
630 501 744 540 1987
762 518 817 532 =
838 497 963 539 XIV
974 500 1103 539 2391.
1142 495 1263 537 Idem
1293 494 1473 536 fortasse
1503 493 1680 549 praedia
1699 493 1889 536 habebat
1911 495 1954 536 in
1976 508 2079 550 agro

370 567 538 610 Albano
569 566 715 621 fistula
745 565 927 619 aquaria
956 564 1081 607 XIV
1092 566 1226 607 2312.-

288 638 367 679 166
397 640 612 677 LICINIVS
646 639 962 675 SERENIANVS
993 632 1236 686 (Licinnius
1268 631 1529 674 Serenianus
1559 631 1647 673 III
1669 633 1795 674 6932.
1826 632 1955 681 6945;
1988 644 2081 685 009-

368 704 530 746 nomine
565 702 653 744 solo
680 702 815 743 utitur
843 700 1145 754 Firmilianus)
1185 699 1353 753 legatus
1385 698 1683 755 Cappadociae
1723 697 1803 741 sub
1842 698 2080 741 Maximino

365 770 562 813 milliarii
587 768 882 823 Cappadociae
902 768 990 810 III
1002 771 1126 811 6932.
1147 770 1267 810 6946.
1289 769 1427 810 12195
1448 767 1501 820 ef.
1511 781 1558 821 p.
1581 769 1694 812 2063
1718 759 1887 818 (nomen
1914 766 2079 808 videtur

366 840 492 893 fuisse
537 838 663 879 etiam
706 837 794 879 III
824 839 942 879 6933.
983 835 1135 890 6952),·
1182 835 1466 877 Firmilianus
1509 835 1726 889 episeopus
1761 832 1997 876 Caesareae
2032 835 2079 876 in

364 906 544 961 epistula
573 905 798 960 (Cyprian.
827 919 887 958 ep.
912 907 974 954 75,
997 904 1081 958 10).
1110 929 1167 933 -
1196 904 1314 946 Idem
1346 904 1528 957 fortasse
1557 903 1649 945 Lic.
1682 902 1941 946 Serenianus
1970 917 2012 945 v.
2041 917 2078 945 c.

364 975 425 1016 II
443 977 567 1016 1024.
626 973 750 1016 Uxor
779 973 961 1015 Varinia
990 971 1207 1026 Flaccina,
1238 971 1328 1014 filia
1356 971 1540 1014 Varinia
1569 970 1734 1014 Severa
1760 970 1818 1012 ib.

284 1043 363 1085 167
395 1049 439 1086 L.
470 1047 690 1083 LICINIVS
722 1046 1020 1082 SEPTIMINVS
1051 1040 1102 1082 L.
1133 1040 1177 1095 f,
1209 1039 1327 1082 tribu
1358 1038 1567 1093 Palatina,
1600 1038 1749 1081 consul
1779 1038 1892 1093 (suff.
1915 1052 1953 1082 a.
1975 1037 2077 1092 inc.)

363 1111 427 1152 tit.
459 1110 547 1151 eius
575 1108 823 1163 sepulcralis
854 1108 922 1151 VI
943 1111 1060 1153 1443.

280 1179 359 1220 168
392 1178 439 1220 Ρ.
460 1177 656 1219 Licinius
678 1176 903 1219 Silvanus:
935 1183 1259 1219 monumentum
1280 1175 1532 1219 libertorum
1554 1177 1645 1218 eius
1673 1175 1739 1218 VI
1750 1176 1902 1218 10258.
1938 1173 2076 1217 Homo

359 1245 514 1288 nobilis
541 1245 605 1287 vel
635 1248 742 1288 certe
772 1245 894 1289 dives

279 1315 358 1356 169
390 1313 443 1366 Q.
474 1313 667 1355 Licinius
698 1312 900 1356 Silvanus
931 1312 1192 1355 Granianus.
1242 1312 1376 1355 Tituli
1409 1312 1744 1355 Tarraconenses
1772 1311 1834 1354 II
1854 1313 1971 1355 4225
2000 1310 2073 1366 (1).

358 1385 480 1425 4226
508 1381 571 1437 (2)
606 1381 678 1423 ille
708 1381 876 1436 positus
915 1395 942 1422 a
974 1381 1199 1434 provincia
1235 1381 1455 1435 Hispania
1495 1380 1698 1423 citeriore.
1728 1404 1787 1408 —
1820 1379 1881 1422 M.
1911 1378 1940 1421 f.
1972 1381 2000 1421 t.
2035 1382 2073 1422 1.

359 1450 495 1492 Tribu
526 1448 699 1491 Galeria
731 1452 759 1491 t.
790 1452 828 1491 1.
874 1449 1136 1491 Procurator
1165 1448 1354 1503 Augusti
1385 1451 1414 1491 t.
1436 1452 1475 1490 1.
1496 1451 1539 1491 2.
1585 1449 1636 1490 In
1667 1448 1891 1504 provincia
1918 1446 2073 1489 Tarra-

358 1519 531 1560 conensi
551 1517 705 1559 flamen
727 1517 887 1559 Romae
910 1523 952 1559 et
966 1517 1167 1571 Augusti,
1190 1516 1431 1572 praefectus
1452 1532 1553 1559 orae
1573 1517 1812 1559 maritimae
1833 1516 2075 1558 Laeetanae

358 1586 450 1638 (hoe
469 1585 715 1628 vocabulum
735 1585 862 1627 habet
879 1585 992 1627 solus
1013 1585 1074 1629 tit.
1096 1588 1151 1636 2;
1182 1585 1236 1638 ef.
1258 1584 1460 1628 Huebner
1480 1585 1627 1627 Herm.
1648 1588 1673 1626 1
1695 1599 1744 1639 p.
1766 1583 1866 1638 340)
1889 1585 1951 1626 tit.
1972 1586 2013 1625 1.
2027 1587 2072 1627 2.

273 1653 355 1696 170
386 1659 428 1703 Q.
460 1659 678 1695 LICINIVS
716 1659 956 1695 SILVANVS
998 1659 1284 1695 GRANIANVS
1317 1659 1636 1704 QVADRONIVS
1667 1658 1938 1695 PROCVLVS.
1997 1651 2072 1696 Sic

357 1721 483 1775 plene
522 1724 550 1764 t.
581 1721 906 1764 Baetulonensis
934 1722 996 1763 II
1016 1724 1147 1773 4609,·
1184 1722 1230 1763 in
1268 1721 1487 1764 consulatu
1526 1721 1594 1776 [Q.
1627 1720 1838 1775 Lici]nius
1870 1719 2071 1763 Silvanus

356 1789 631 1844 Gra[nianus]
663 1790 772 1843 fasti
799 1790 877 1843 fer.
901 1790 998 1833 Lat.
1026 1787 1098 1843 (ef.
1120 1790 1270 1846 infra),
1303 1790 1356 1842 Q.
1379 1790 1574 1832 Licinius
1606 1789 1854 1832 Granianus
1880 1788 1930 1831 X
1945 1791 2070 1831 5670.

354 1856 408 1910 Q.
439 1857 468 1899 f.
501 1860 527 1901 t.
558 1857 880 1899 Baetulonensis
915 1856 1047 1912 (fillius
1085 1858 1174 1900 sine
1214 1858 1339 1900 dubio
1373 1859 1461 1900 eius
1500 1858 1573 1912 qui
1591 1857 1841 1914 praeeedit).
1901 1857 2070 1900 Trium-

354 1925 424 1966 vir
463 1925 517 1966 ad
555 1931 786 1979 monetam,
835 1925 1035 1968 tribunus
1076 1925 1261 1968 militum
1301 1926 1482 1981 legionis
1523 1932 1670 1968 sextae
1710 1926 1913 1969 Victricis
1953 1941 1995 1982 p.
2038 1924 2067 1966 f.

353 1994 410 2036 ib.
470 1992 631 2036 Consul
672 1993 875 2035 suffectus
914 2009 950 2035 a.
984 1995 1066 2036 106
1105 2009 1200 2036 cum
1240 1995 1292 2037 L.
1323 1994 1499 2036 Minicio
1535 1994 1688 2037 Natale
1727 1994 1835 2047 fasti
1860 1994 1939 2047 fer.
1968 1994 2067 2037 Lat.

349 2061 444 2116 (VI
465 2064 575 2104 2016
606 2081 660 2096 z
690 2062 723 2103 I
729 2062 744 2086 2
767 2076 814 2116 p.
834 2064 931 2118 59),·
959 2061 1008 2104 X
1027 2065 1145 2105 5670.
1205 2062 1305 2105 Non
1331 2062 1528 2118 diversus,
1559 2066 1608 2105 ut
1633 2062 1742 2105 vidit
1769 2061 2066 2116 Waddinyton‚

350 2143 601 2183 quamquam
630 2130 676 2171 in
705 2131 869 2172 nomine
899 2134 1097 2180 erratum,
1131 2131 1335 2174 Serenius
1367 2131 1614 2175 Granianus
1645 2131 1721 2187 (sie
1740 2131 1943 2181 Iustinus,
1969 2129 2069 2172 item
2093 2172 2095 2174 .

349 2197 505 2239 Euseb.
524 2197 564 2239 h.
587 2197 682 2239 eeel.
705 2201 744 2240 et
763 2198 948 2252 Rufinus
977 2199 1023 2240 in
1049 2199 1236 2241 versione
1250 2199 1439 2249 Eusebii,
1466 2199 1647 2257 Σερένιος
1670 2198 1809 2253 Syna,
1833 2197 2067 2241 Serennius

349 2265 412 2306 vel
433 2264 649 2307 Serennus
670 2266 825 2308 Euseb.
842 2266 927 2308 chr.
945 2267 1080 2317 Arm..
1104 2266 1301 2325 Ἑρρένιος
1320 2268 1383 2310 vel
1404 2267 1835 2325 ἘρρένιοςΓρανιανὸς
1855 2265 2064 2316 Zonaras,

350 2333 536 2376 Serenus
558 2332 747 2376 Granius
768 2334 1020 2389 Hieronymi
1039 2339 1077 2378 et
1100 2335 1242 2378 Orosii
1271 2336 1430 2378 codices
1450 2335 1657 2390 plerique)
1683 2334 1914 2392 proconsul
1935 2333 2067 2377 Asiae

349 2400 428 2443 sub
471 2401 693 2443 Hadriano
734 2402 866 2457 (eirea
904 2417 1060 2445 annum
1088 2407 1183 2454 123,
1219 2407 1267 2446 ut
1297 2408 1427 2459 putat
1454 2403 1768 2459 Wadolinyton),
1812 2416 1924 2446 anno
1964 2407 2063 2444 ante

349 2468 397 2511 C.
414 2469 638 2511 Minicium
656 2470 915 2513 Fundanum
937 2471 1173 2525 (consulem
1194 2487 1231 2514 a.
1246 2473 1345 2527 107)
1366 2473 1547 2527 epistula
1566 2472 1791 2515 Hadriani
1809 2471 1868 2514 ad
1883 2470 2063 2513 Funda-

345 2551 445 2579 num
472 2537 609 2579 relata
641 2553 668 2579 a
697 2538 863 2580 Iustino
885 2539 994 2593 apol.
1011 2543 1050 2589 1,
1068 2543 1133 2590 68,
1155 2541 1334 2595 repetita
1353 2541 1468 2595 apud
1485 2541 1717 2583 Eusebium
1731 2540 1826 2582 hist.
1844 2539 1940 2582 ecel.
1959 2542 1998 2589 4,
2020 2542 2060 2588 9,

345 2609 577 2647 memorata
606 2607 659 2648 ab
691 2606 830 2648 eool(m
858 2607 904 2649 in
933 2607 1128 2651 chronico
1162 2607 1282 2661 (vers.
1303 2609 1491 2660 Armen„
1523 2609 1700 2653 Hieron.
1731 2623 1771 2651 a.
1792 2608 1900 2652 Abr.
1921 2610 2062 2658 2142,-

348 2673 527 2728 Syneell.
550 2688 597 2727 p.
619 2674 714 2728 658)
746 2678 785 2716 et
815 2676 868 2717 ab
902 2675 1050 2718 Orosio
1082 2679 1118 2726 7,
1145 2680 1198 2719 13
1227 2681 1267 2719 et
1296 2692 1324 2719 a
1354 2678 1529 2720 Zonara
1552 2681 1616 2728 11,
1643 2681 1714 2721 24.

263 2742 341 2784 171
377 2748 417 2784 C.
463 2742 718 2797 (LICINIVS)
765 2749 919 2785 STOLO
971 2745 1286 2800 quindecimvir
1331 2748 1464 2788 sacris
1507 2746 1722 2789 faciundis
1760 2760 1798 2787 a.
1835 2744 1916 2787 737
1962 2746 2060 2786 aota-

344 2809 535 2852 ludorum
555 2810 837 2852 saecularium
856 2825 892 2853 v.
915 2815 1007 2854 150.
1024 2816 1108 2855 167
1126 2815 1253 2869 (Eph.
1276 2830 1337 2870 ep.
1355 2818 1384 2857 8
1395 2830 1443 2870 p.
1459 2818 1544 2858 233
1564 2815 1618 2869 ef.
1632 2829 1680 2870 p.
1697 2816 1813 2870 241).
1853 2812 2059 2856 Diversus

345 2880 452 2931 puto
483 2877 532 2920 O.
554 2877 748 2920 Licinius
771 2878 887 2922 Stolo
921 2881 1083 2922 amicus
1104 2882 1164 2924 M.
1187 2883 1394 2925 Varronis
1426 2883 1561 2926 Varro
1592 2882 1642 2925 de
1669 2897 1716 2925 re
1744 2896 1781 2924 r.
1803 2885 1842 2932 1,
1863 2884 1906 2932 2,
1929 2883 1956 2923 9
1975 2893 2056 2934 seq.

343 2945 432 2999 (qui
460 2945 566 2987 liber
594 2947 776 3000 scriptus
806 2950 866 2989 est
894 2962 1003 2990 anno
1026 2952 1116 2999 717,
1149 2950 1222 2992 sed
1249 2964 1383 2994 sermo
1412 2952 1590 3007 finyitur
1613 2950 1785 2993 habitus
1813 2962 1899 2992 esse
1926 2948 2056 2991 multo

345 3011 499 3067 antea).
553 3013 702 3055 Potius
730 3014 837 3056 idem
869 3015 917 3058 C.
950 3015 1109 3059 Calvus
1141 3017 1259 3060 Stolo
1291 3019 1359 3061 VI
1380 3023 1489 3062 9699
1520 3020 1591 3075 (ef.
1621 3033 1753 3074 supra
1780 3032 1823 3061 n.
1845 3019 1959 3074 121).

261 3080 340 3122 172
370 3087 411 3122 Ρ.
433 3086 650 3123 LICINIVS
674 3087 828 3124 STOLO
861 3083 1063 3126 triumvir
1089 3086 1315 3129 monetalis
1341 3088 1456 3130 circa
1484 3103 1644 3130 annum
1674 3087 1756 3130 739
1777 3086 1848 3142 (cf.
1873 3085 2055 3128 Momm-

344 3161 417 3190 sen
447 3148 631 3192 Mamm.
653 3163 701 3203 p.
725 3153 818 3206 744)
848 3153 1009 3193 nummi
1034 3167 1101 3207 ap.
1131 3153 1270 3197 Oohen
1299 3156 1333 3197 I
1337 3155 1354 3180 2
1385 3155 1603 3211 Auyustus
1629 3157 1864 3198 438—442.

259 3215 340 3258 173
370 3222 411 3257 Ρ.
443 3222 660 3258 LICINIVS
693 3223 847 3260 STOLO
879 3226 1054 3263 curator
1083 3220 1272 3265 locorum
1303 3223 1574 3280 publicorum
1602 3221 1950 3277 iudicandorum,
1990 3221 2052 3264 in—

341 3284 415 3326 itio
444 3290 492 3326 ut
522 3284 695 3327 videtur
722 3286 990 3342 principatus
1012 3288 1174 3331 Tiberii
1206 3291 1321 3344 cippi
1349 3291 1417 3334 VI
1437 3295 1553 3335 1267
1560 3307 1600 3335 a.
1619 3293 1642 3334 b
1664 3311 1719 3326 =
1738 3289 1855 3334 Bull.
1889 3302 2050 3333 eomun.

341 3354 453 3394 1886
472 3366 520 3407 p.
540 3355 630 3396 277
654 3367 695 3397 n.
717 3357 841 3397 1273.
877 3379 935 3385 -
974 3356 1117 3399 Huius
1144 3359 1325 3411 fortasse
1353 3360 1528 3404 libertus
1557 3362 1607 3404 P.
1637 3359 1833 3403 Licinius
1863 3358 2051 3402 Stolonis
