2190 3724
258 299 469 334 FLAVIVS
1134 291 1188 332 66
1850 297 2063 333 FLAVIVS

263 429 342 470 163
374 428 550 470 Flavius
573 425 798 479 Calvisius,
827 426 1067 481 praefectus
1090 425 1291 480 Aegypti,
1318 425 1532 480 particeps
1554 423 1798 467 rebellionis
1820 424 2063 480 Cassianae,

345 512 370 537 a
403 496 550 537 Marco
583 495 625 535 in
657 492 839 534 insulam
869 492 1085 547 relegatur
1114 492 1202 534 Dio
1225 496 1288 542 71,
1311 495 1382 535 28.

264 565 343 606 164
373 563 550 605 Flavius
592 561 732 617 Caper
775 559 1048 614 (yentilz‘eium
1087 560 1280 602 exhibent
1321 560 1546 602 Charisius
1590 575 1658 614 ap.
1701 560 1804 602 Keil
1846 561 1924 604 Gr.
1966 563 2063 604 Lat.

344 636 380 681 1,
405 635 496 680 118,
519 634 556 680 1,
589 630 774 683 Rufinus
802 629 857 670 ib.
886 632 922 678 6,
954 631 1046 678 556,
1075 631 1150 683 20)
1181 629 1500 682 grammaticus,
1534 629 1706 684 scripsit
1735 629 1788 670 de
1818 629 2065 683 Latinitate,

346 701 446 741 item
487 698 621 739 libros
662 696 781 738 dubii
824 697 1051 749 sermonis3
1093 697 1252 737 citatur
1282 711 1307 737 a
1339 696 1487 738 Servio
1522 696 1579 738 ad
1606 696 1714 738 Aen.
1744 701 1810 747 10,
1840 700 1933 742 344.
1961 701 2064 747 372,

341 766 550 814 Glmrisio,
583 764 821 813 Prisc-iano,
855 763 966 805 aliis.
1025 763 1115 806 Sub
1147 763 1277 819 Capri
1318 764 1490 804 nomine
1525 763 1669 805 traditi
1710 762 1842 806 libelli
1872 765 2066 821 inseripti

349 832 417 874 ‘de
460 831 805 886 orthographice‘
852 838 894 873 et
942 831 1012 873 ‘de
1053 831 1199 873 verbis
1239 830 1396 872 dubiis‘
1448 830 1685 873 Grammat.
1722 832 1918 886 Lauecl.
1951 832 2065 875 Keil.

344 901 421 943 vol.
458 904 485 942 7
515 915 560 954 1).
594 904 663 943 92.
699 902 793 949 107,
836 914 886 941 ex
923 899 1048 941 leuius
1086 900 1258 953 seriptis
1292 899 1485 942 derivati.
1553 899 1726 942 Videtur
1762 901 1915 943 vixisse
1953 901 2068 943 eirea

346 971 470 1023 finem
501 982 607 1010 saee.
632 983 680 1022 1).
706 968 809 1010 Chr.
832 969 897 1018 ΙΙ,
930 969 984 1021 ef.
1010 968 1112 1010 Keil
1143 968 1169 1010 l.
1202 982 1234 1009 e.
1259 983 1306 1022 1).
1330 972 1396 1018 90,
1433 967 1593 1019 Teuffel
1621 969 1707 1010 Lu.
1728 972 1820 1019 343,
1841 972 1881 1011 3.

264 1038 343 1079 165
374 1037 423 1078 L.
456 1036 671 1090 Fl(avius)
704 1035 994 1092 Capitolinus,
1036 1035 1179 1078 Flavii
1217 1035 1465 1078 Philostrati
1507 1036 1722 1091 sophistae
1760 1036 1894 1091 filius,
1937 1037 2069 1079 frater

345 1111 387 1146 et
425 1103 668 1146 avunculus
710 1104 797 1158 (vel
834 1105 1030 1160 patruus)
1072 1111 1317 1146 senatorum
1363 1107 1390 1146 t.
1426 1103 1693 1159 Erythraeus
1730 1105 1830 1147 hall.
1871 1105 1920 1147 cle
1958 1119 2066 1147 eorr.

346 1172 491 1214 hellen.
517 1176 544 1214 4
563 1187 610 1227 1).
633 1175 724 1214 153.

263 1241 344 1283 166
372 1240 549 1282 Flavius
580 1239 754 1283 Celsus:
801 1243 838 1282 ei
881 1242 1193 1297 rescripserunt
1228 1241 1316 1282 divi
1349 1240 1503 1282 fratres
1535 1240 1588 1282 de
1619 1240 1926 1296 pollicitatione
1956 1241 2071 1283 facta

346 1325 372 1351 a
403 1309 536 1351 Statio
569 1309 725 1351 Rufino
755 1308 1019 1365 reipublicae
1047 1309 1314 1353 Gabinorum
1346 1308 1447 1363 Digy.
1476 1312 1543 1359 50,
1574 1313 1644 1359 12,
1675 1312 1714 1351 8.
1778 1309 1878 1370 Non
1906 1309 2071 1353 videtur

345 1378 477 1431 tuisse
505 1377 779 1431 maffl'stratus
800 1377 1013 1430 publicus.

263 1446 342 1488 167
374 1452 416 1487 Τ.
449 1445 699 1499 FL(AVIVS)
732 1452 1069 1499 OLAVDIANVS,
1103 1445 1218 1487 tribu
1249 1445 1454 1499 Quirina,
1487 1445 1656 1499 consul,
1690 1460 1830 1501 augur
1862 1446 1929 1488 VI
1950 1449 2068 1488 1413.

346 1513 483 1556 Filius
514 1512 693 1555 Flavius
718 1513 823 1555 Pius
853 1514 909 1555 ib.

265 1582 344 1624 168
375 1588 418 1623 Τ.
440 1588 652 1623 FLAVIVS
676 1588 993 1623 CLAVDIANVS
1026 1581 1286 1623 clarissimus
1307 1583 1375 1623 vir
1400 1582 1547 1637 fistula
1564 1582 1767 1636 plumbea
1788 1583 1884 1637 ayri
1903 1583 2070 1626 Ardea-

348 1650 429 1691 tini
457 1649 505 1691 X
532 1653 650 1691 6767.
710 1650 914 1692 Fortasse
942 1665 1027 1692 non
1058 1650 1243 1692 diversus
1274 1651 1327 1692 ab
1359 1665 1404 1692 eo
1439 1651 1511 1703 qui
1527 1650 1760 1704 praeeedit.

263 1719 344 1760 169
375 1724 417 1759 Τ.
449 1719 698 1771 F(LAv1vs)
731 1724 975 1759 CLAVDIVS
1009 1725 1324 1760 CLAVDIANVS
1356 1718 1617 1760 clarissimus
1648 1719 1716 1760 vir
1742 1719 1796 1773 (c.
1829 1735 1868 1762 v.
1904 1719 2070 1762 addidit

347 1786 561 1828 Laudant
591 1785 690 1828 bull.
722 1799 822 1828 eom.
846 1789 954 1828 1881
976 1801 1023 1840 1).
1047 1786 1119 1840 17)
1149 1786 1318 1840 fistulae
1347 1787 1540 1828 urbanae
1570 1801 1638 1841 ap.
1662 1788 1948 1830 Laneianz'um
1977 1788 2069 1843 syll.

350 1869 416 1907 aq.
447 1868 488 1895 n.
515 1857 578 1896 66.

266 1923 348 1964 170
379 1928 591 1963 FLAVIVS
624 1928 858 1964 CLEMENS
900 1922 1180 1976 (praenomen
1218 1937 1302 1965 non
1342 1923 1546 1978 traditur)
1587 1923 1795 1979 patruelis
1834 1923 2071 1966 Domitiani

350 1990 464 2033 Suet.
488 1989 702 2040 Dom.15,·
722 1989 809 2032 Dio
829 1994 894 2041 67,
906 1994 970 2040 14,
993 1990 1106 2032 filius
1128 1990 1291 2032 scilicet
1306 1991 1447 2033 Flavii
1471 1991 1632 2046 Sabini,
1656 1991 1802 2033 fratris
1814 1992 2071 2047 Vespasiani

349 2057 419 2112 (es.
441 2061 615 2100 stemma
636 2059 905 2112 propositum
933 2059 1051 2113 infra
1075 2074 1122 2113 1).
1148 2062 1231 2114 78).
1272 2059 1456 2101 Maritus
1477 2059 1656 2102 Flaviae
1676 2059 1939 2112 Domitillae,
1961 2074 2072 2116 quae

351 2133 393 2168 et
423 2127 516 2182 ipsa
546 2126 700 2168 adfinis
731 2127 969 2168 Domitiani
1001 2126 1183 2180 (scilieet
1212 2128 1451 2170 Domitiani
1484 2130 1642 2170 sororis
1672 2127 1777 2182 filia)
1807 2128 1897 2170 Dio
1922 2131 1988 2179 67,
2019 2131 2072 2170 14

351 2194 583 2246 (Clementi
611 2197 679 2251 τὴν
711 2196 888 2252 ἀδελφὴν
920 2198 988 2252 τὴν
1021 2197 1162 2239 ἑαυτοῦ
1193 2197 1238 2237 in
1258 2197 1574 2238 matrimomum
1595 2196 1755 2239 dedisse
1777 2196 2074 2239 Domitianum

348 2266 501 2304 narrat
531 2262 823 2305 Philostratus
854 2265 925 2305 vit.
957 2263 1102 2318 Apoll.
1133 2267 1173 2314 8,
1195 2267 1264 2314 25,
1296 2265 1371 2307 ubi
1390 2279 1475 2319 pro
1506 2266 1683 2322 ἀδελφὴν
1713 2279 1792 2307 ser.
1826 2266 2072 2322 ἀδελφιδῆν),

350 2345 399 2373 (w
433 2345 517 2384 qua
552 2331 716 2373 videtur
742 2333 933 2385 yenuisse
962 2335 1116 2386 septem
1146 2332 1310 2382 liberos,
1345 2334 1398 2386 ef.
1431 2333 1499 2375 VI
1519 2336 1633 2376 8942
1663 2347 1755 2375 eum
1782 2336 1898 2375 nota.
1948 2333 2072 2375 Duos

349 2397 457 2440 filios
489 2399 579 2440 eius
610 2399 813 2454 parvulos
846 2415 1115 2442 successores
1142 2400 1281 2456 palam
1303 2401 1535 2443 destinavit
1554 2402 1827 2443 Domitianus
1848 2401 1965 2444 Suet.
1988 2401 2014 2443 l.
2037 2416 2070 2443 c.

349 2466 518 2508 Horum
549 2468 817 2523 praeceptori
850 2468 1116 2521 Quintiliano
1149 2475 1402 2511 ornamenta
1431 2469 1676 2511 consularia
1706 2470 1906 2525 impetrat
1934 2469 2071 2511 Auso-

348 2535 444 2576 nius
470 2538 581 2588 yrat.
614 2538 694 2577 aet.
725 2540 764 2586 8,
796 2539 861 2578 31.
918 2534 1083 2588 (Etiam
1113 2537 1292 2579 Flav‘e'os
1321 2537 1530 2580 Sabinum
1557 2541 1596 2580 et
1631 2538 1860 2588 Titianam,
1891 2537 2074 2592 sepultos

349 2603 395 2644 m
425 2604 664 2644 coemeterio
689 2603 939 2646 Donn‘tztlae
970 2607 1068 2646 teste
1100 2605 1220 2646 titulo
1249 2604 1414 2647 Graeco
1445 2605 1554 2648 edito
1585 2620 1613 2647 a
1642 2605 1795 2648 Rossio
1827 2605 1926 2647 hall.
1957 2606 2071 2647 erist.

349 2674 456 2712 1875
477 2685 525 2724 1).
547 2674 614 2721 40,
653 2671 776 2713 leuius
815 2672 928 2726 filios
965 2673 1097 2726 fuisse
1137 2674 1311 2715 coniecit
1350 2674 1529 2716 Rossius
1564 2673 1591 2716 l.
1623 2688 1656 2716 e.
1690 2689 1737 2728 1).
1763 2676 1845 2730 67).
1910 2672 2073 2716 Consul
2120 2706 2128 2725 ,-

351 2738 442 2780 ord.
483 2754 521 2780 a.
557 2739 610 2781 95
655 2754 753 2781 eum
796 2739 1042 2782 Domitiano
1088 2741 1221 2783 XVII
1261 2742 1378 2795 fasti.
1446 2741 1850 2798 Contemptissimae
1895 2742 2074 2784 inertiae

353 2806 469 2849 Suet.
509 2806 634 2848 Dom.
667 2810 731 2851 15.
801 2808 1040 2864 Impietatis
1087 2810 1337 2866 (ἀθεότητος)
1383 2825 1469 2852 una
1517 2825 1615 2852 eum
1655 2825 1790 2852 uxore
1834 2815 2071 2864 accusatus,

352 2875 511 2930 quippe
541 2877 615 2930 qui
650 2875 853 2918 Iudaicae
893 2876 1131 2932 (intellege,
1161 2877 1451 2932 Christianae)
1483 2884 1623 2920 sectae
1653 2877 1826 2920 deditus
1857 2884 1989 2932 esset,
2031 2884 2074 2920 et

353 2944 518 2984 occisus
539 2942 625 2985 Dio
647 2947 711 2994 67,
732 2947 807 2994 14;
836 2945 1048 2987 Eusebius
1074 2943 1128 3000 (2)
1161 2961 1229 3000 ap.
1253 2946 1492 3000 Syneellum
1520 2949 1611 2996 650,
1634 2949 1688 2989 16
1697 2959 1710 2997 ,·
1741 2961 1795 2988 ex
1825 2946 2075 2988 tenuissima

353 3011 596 3066 suspicione
627 3018 792 3053 tantum
823 3027 909 3054 non
939 3013 983 3054 in
1015 3014 1106 3069 ipso
1137 3013 1362 3056 consulatu
1383 3015 1548 3056 occisus
1570 3014 1685 3057 Suet.
1714 3014 1740 3056 l.
1763 3028 1822 3065 e.,·
1850 3015 1904 3068 ef.
1928 3014 2072 3056 Philo-

351 3081 510 3120 stratus
529 3079 600 3120 υἱέ.
618 3079 815 3133 Apellen.
833 3084 871 3130 8,
888 3084 946 3124 25
956 3095 968 3131 ;
994 3082 1177 3136 Eutrop.
1205 3085 1242 3132 7,
1263 3086 1321 3125 23
1341 3080 1430 3136 (qui
1447 3096 1596 3125 nomen
1615 3097 1700 3125 non
1720 3082 1876 3138 ponit).

271 3146 348 3189 171
381 3146 429 3189 P.
476 3145 690 3200 Fl(avius)
736 3147 955 3203 Clemens,
1010 3156 1263 3205 procurator
1306 3150 1603 3192 Mauretaniae
1647 3150 1938 3193 Caesariensis
1961 3147 1966 3150 ”
1992 3150 2073 3193 sub
2155 3188 2162 3195 .

355 3214 514 3257 Severo
544 3214 793 3258 Alexandro
826 3216 948 3259 VIII
968 3213 1117 3259 10470.

271 3282 351 3324 172
381 3281 429 3324 C.
461 3281 674 3336 (Flavius)
707 3283 874 3326 Consus
901 3284 1086 3338 (Consus
1119 3289 1145 3327 t.
1167 3289 1206 3335 1,
1229 3299 1490 3340 praenomen
1519 3286 1702 3328 innotuit
1727 3301 1778 3329 ex
1808 3290 1836 3328 t.
1856 3256 1918 3341 2),
1949 3293 2073 3344 pater

354 3349 541 3404 Flaviae,
576 3350 622 3393 P.
658 3351 810 3408 Paquii
840 3352 1030 3395 Scaevae
1060 3354 1208 3395 uxoris
1236 3353 1312 3395 IX
1336 3356 1449 3396 2846
1479 3352 1562 3410 (1),·
1593 3354 1661 3397 VI
1680 3357 1788 3397 1484
1818 3353 1917 3410 (2)..
