2190 3724
283 270 461 305 FABIVS
1159 261 1215 303 46
1913 267 2094 304 FABIVS

277 2461 328 2504 21

371 399 640 454 designatus,
691 412 788 439 cum
834 396 1096 440 Commodus
1143 396 1433 449 occideretur3
1479 395 1517 436 ei
1562 410 1719 452 corpus
1769 395 1992 439 Commodi
2041 397 2098 440 ad

370 467 634 524 sepulturam
670 480 920 507 concessum
950 466 1021 509 vit.
1051 464 1207 508 Gomon.
1239 468 1321 515 20,·
1360 463 1505 506 consul
1542 462 1743 516 suffectus
1772 465 1904 520 {attur
1933 480 1972 510 a.
2003 469 2096 508 193.

369 536 558 590 Legatus
593 534 706 589 Aug.
743 533 904 588 (Augg.
937 537 965 577 t.
997 537 1040 583 2,
1071 534 1210 575 minus
1249 533 1374 587 recte)
1416 533 1666 588 provinciae
1697 532 1893 577 Galatiae
1924 537 1952 578 t.
1983 538 2021 578 1.
2053 538 2095 578 2.

366 603 639 659 Praepositus
680 601 1068 656 vexillation(ibus)
1110 600 1307 643 Perinthi
1346 600 1660 657 pergentib(us)
1701 604 1729 645 t.
1761 605 1799 652 1,
1832 605 1981 645 contra
2012 602 2092 645 Ni-

363 672 538 726 yrianos
566 674 614 712 ut
642 671 806 713 ridetur
836 671 923 725 (vit.
952 670 1045 714 Sev.
1066 672 1107 721 8,
1139 669 1227 712 Dio
1256 671 1398 726 74,‘6),
1431 683 1470 713 a.
1493 672 1586 711 194.
1647 669 1802 712 Comes
1827 671 2097 727 imperatoris

370 740 566 796 Septimii
608 739 758 782 Severi
797 742 824 782 t.
856 742 904 788 1,
945 739 1029 780 sive
1068 753 1209 780 comes
1243 737 1387 792 Augg.
1420 740 1447 781 t.
1480 741 1511 781 2
1549 738 1616 792 (ex
1652 752 1733 792 qao
1776 741 1935 793 tempus
1971 739 2098 782 huius

368 808 504 862 officii
532 806 760 861 discimus).
806 807 997 861 Legatus
1028 821 1106 863 pro
1135 821 1198 863 pr.
1222 806 1471 862 provinciae
1496 806 1624 848 Ponti
1656 813 1699 848 et
1718 806 1963 863 Bithyniae,
1995 809 2097 850 item

367 876 617 932 provinciae
661 876 853 917 Moesiae
896 876 1130 931 superioris
1176 878 1204 919 t.
1240 878 1279 918 1.
1315 878 1358 918 2.
1432 874 1539 916 Dux
1579 873 1942 930 vexill(ationum)
1989 879 2017 919 t.
2052 879 2096 926 2,

368 944 459 986 dux
501 943 867 999 Vexill(ationum)
908 959 986 1000 per
1025 943 1195 986 Italiam
1237 943 1453 986 exercitus
1494 944 1595 999 imp.
1628 942 1780 986 Severi
1815 950 1858 986 et
1886 943 2097 987 Antonini
2135 970 2138 973 -

365 1013 663 1067 Augustorum
685 1016 712 1057 t.
735 1016 773 1064 1,
806 1012 1015 1055 collocans
1035 1012 1111 1055 hoc
1131 1026 1284 1054 munus
1310 1015 1406 1054 ante
1436 1012 1662 1067 leqationes
1679 1012 1813 1055 Ponti
1832 1016 1870 1056 et
1892 1013 2095 1057 Moesiae.
2176 1008 2180 1011 ⁵

367 1081 537 1125 Chiloni
560 1082 874 1138 rescripserunt
905 1082 1092 1125 Severus
1124 1087 1167 1123 et
1197 1080 1421 1124 Caracalla
1451 1096 1488 1125 a.
1513 1081 1593 1124 197
1626 1081 1713 1126 cod.
1745 1081 1851 1126 Iast.
1883 1085 1927 1132 2,
1958 1084 2024 1132 50,
2062 1085 2096 1132 1,

364 1151 569 1192 incertam
606 1164 707 1192 rcum
747 1150 856 1194 huic.
916 1150 1109 1204 Legatus
1144 1149 1288 1205 Augg.
1328 1149 1459 1204 (Aug.
1493 1153 1520 1194 t.
1548 1151 1591 1203 1)
1628 1165 1706 1206 pro
1747 1165 1809 1206 pr.
1849 1151 2097 1207 provinciae

366 1219 614 1261 Pannoniae
635 1219 868 1275 superioris
890 1222 917 1262 t.
940 1222 978 1263 1.
1000 1222 1042 1263 2.
1066 1222 1220 1269 10-14,
1243 1225 1358 1261 certe
1389 1233 1426 1260 a.
1450 1219 1530 1260 201
1556 1222 1583 1262 t.
1606 1221 1671 1260 11.
1694 1222 1752 1262 12
1782 1218 1981 1272 (fortasse
2008 1218 2098 1260 iam

365 1302 404 1331 a.
427 1289 521 1337 198,
554 1287 607 1340 cf.
641 1290 668 1331 t.
700 1291 753 1329 14
785 1301 878 1329 cam
906 1290 1010 1330 nota
1042 1287 1326 1341 Mommsem).
1388 1286 1575 1329 Curator
1604 1287 1845 1342 Min(iciae)
1885 1290 1912 1331 t.
1943 1290 1969 1329 1
1999 1287 2094 1342 (om.

365 1359 391 1399 t.
413 1355 473 1409 2).
514 1355 763 1398 Praefectus
785 1355 904 1398 urbis
925 1359 953 1400 t.
975 1359 1018 1400 2.
1039 1359 1078 1400 3.
1100 1359 1139 1399 4.
1164 1359 1208 1407 7,·
1234 1355 1336 1410 Dz'y.
1359 1359 1397 1406 1,
1419 1359 1489 1406 12,
1512 1359 1562 1407 1,·
1583 1359 1621 1406 1,
1643 1359 1707 1407 15,
1729 1359 1779 1407 4;
1807 1358 1873 1406 48,
1895 1359 1962 1406 19,
1984 1358 2024 1406 8,
2046 1359 2096 1407 5,

362 1426 428 1474 48,
446 1427 521 1474 22,
539 1427 577 1474 6,
599 1427 648 1475 1,·
672 1424 759 1466 Dio
783 1427 847 1474 77,
869 1427 909 1466 4.
941 1425 1005 1466 Eo
1030 1430 1223 1480 tempore
1244 1439 1322 1480 pro
1343 1423 1539 1466 Macrino
1561 1423 1818 1480 deprecatur
1832 1423 1921 1466 Dio
1943 1427 2008 1475 78,
2030 1428 2094 1469 11.

364 1491 527 1534 Consul
557 1493 602 1534 II
633 1496 660 1536 t.
691 1496 731 1537 3.
763 1496 803 1543 4,
852 1508 889 1535 a.
923 1493 1028 1543 204,
1068 1508 1155 1535 una
1194 1507 1293 1534 cum
1323 1492 1383 1535 M.
1415 1492 1560 1534 Annio
1591 1492 1743 1535 Flavio
1780 1492 1947 1534 Libone
1976 1492 2094 1546 fasti.

363 1561 542 1613 (Iterum
566 1561 810 1616 praefectus
832 1567 874 1603 et
894 1560 1044 1603 consul
1063 1561 1134 1605 vit.
1157 1560 1310 1605 Carae.
1331 1564 1370 1611 4,
1394 1575 1536 1603 errore
1548 1560 1686 1615 puto).
1720 1560 1915 1603 ‘Amicus
1932 1567 2093 1603 noster'

365 1628 543 1671 Severus
573 1633 612 1672 et
639 1629 872 1672 Caracalla
899 1629 1001 1684 Diy.
1024 1634 1061 1681 1,
1083 1632 1147 1680 15,
1172 1633 1211 1674 4.
1270 1629 1314 1670 Α
1346 1629 1499 1672 Severo
1529 1630 1569 1672 ei
1597 1642 1870 1672 successorem
1898 1629 1946 1671 in
1966 1643 2097 1684 prae-

362 1697 529 1750 fectura
559 1698 702 1740 (tatum
740 1711 824 1740 esse
864 1698 1007 1752 colliyt'
1037 1701 1179 1752 potest
1208 1712 1258 1740 cx
1287 1697 1429 1740 Dione
1469 1701 1540 1748 77,
1572 1701 1611 1742 4.
1671 1697 1822 1753 Magni
1861 1697 2036 1740 habitus
2070 1712 2097 1740 a

365 1764 590 1808 Caracalla
610 1766 698 1808 Dio
721 1770 748 1808 7
751 1770 787 1818 7,
810 1769 837 1809 5
867 1767 922 1820 cf.
948 1768 1017 1810 vit.
1048 1767 1199 1810 Carac.
1221 1770 1260 1817 3,
1282 1770 1325 1810 2.
1383 1765 1652 1808 Concordiae
1685 1767 1798 1808 inter
1827 1765 2097 1809 Caracallam

367 1842 408 1877 et
430 1836 585 1879 Getam
615 1842 766 1877 auctor
795 1835 865 1879 vit.
895 1835 1049 1879 Carae.
1074 1839 1114 1879 4.
1155 1834 1388 1877 Interfecto
1411 1836 1523 1879 Geta
1548 1834 1786 1891 periculum
1806 1836 1955 1877 mortis
1976 1834 2095 1889 adiit,

363 1910 511 1960 raptus
533 1919 559 1945 a
578 1903 786 1946 militibus
808 1905 852 1945 in
873 1903 1100 1959 Palatium,
1124 1903 1200 1945 sed
1222 1909 1418 1945 servatus
1447 1909 1510 1945 est
1530 1902 1618 1946 Dio
1641 1906 1704 1954 77,
1727 1907 1776 1954 4,·
1796 1904 1867 1947 vit.
1892 1902 1992 1948 Car.
2003 1906 2042 1948 3.
2054 1906 2092 1946 4.

363 1972 463 2014 Filii
494 1978 758 2029 nepotesque
786 1978 1081 2014 memorantur
1113 1975 1141 2016 t.
1171 1975 1209 2016 6.
1241 1997 1294 2002 —
1327 1972 1543 2014 Patronus
1572 1971 1964 2014 Mediolanensium
1995 1975 2023 2016 t.
2049 1975 2093 2022 2,

363 2047 569 2097 patronus
601 2041 932 2097 Ancyranorum
965 2044 992 2085 t.
1018 2045 1057 2084 4.
1105 2040 1291 2084 Curator
1315 2041 1671 2083 Interamnatium
1695 2040 1896 2083 Nartium
1922 2046 1965 2082 et
1985 2041 2093 2084 Gra-

363 2110 647 2163 viscanorum,
677 2110 779 2151 item
800 2109 1177 2151 Nicomedensium
1209 2112 1237 2153 t.
1260 2113 1298 2153 1.
1331 2109 1546 2151 Patronus
1578 2108 1739 2150 ordinis
1769 2114 2095 2165 corporatorum

362 2177 756 2220 lenunculariorum
783 2177 1049 2220 Ostiensium
1078 2181 1106 2222 t.
1129 2181 1168 2222 9.
1195 2203 1249 2206 —
1278 2178 1446 2219 Domus
1473 2176 1637 2220 Cilonis
1660 2177 1831 2219 Notitia
1858 2177 1979 2219 urbis
2007 2190 2092 2231 req.

360 2245 468 2288 XII
471 2259 484 2297 ,·
519 2245 689 2301 [domus
718 2245 901 2302 C]ilonis
933 2248 1077 2300 forma
1111 2247 1233 2288 urbis
1270 2246 1434 2288 Romae
1464 2246 1568 2301 (tab.
1600 2245 1680 2288 IX
1703 2249 1757 2288 43
1797 2245 1858 2290 ed.
1891 2244 2093 2300 Jordan).

362 2313 565 2356 Fortasse
597 2314 655 2356 ad
683 2329 776 2357 eam
807 2315 973 2357 domum
992 2315 1203 2369 pertinuit
1231 2318 1257 2359 t.
1283 2317 1318 2365 7,
1352 2315 1406 2368 cf.
1428 2314 1602 2357 Hemew.
1622 2314 1722 2358 hall.
1745 2313 1839 2357 dell'
1860 2314 1966 2358 Inst.
1986 2317 2093 2357 1859

364 2396 410 2435 p.
432 2386 524 2426 164.

364 2461 416 2514 Q.
438 2462 608 2505 Fabius
639 2461 899 2505 Commodus
930 2462 1131 2505 tribunus
1161 2462 1341 2518 legionis
1371 2463 1585 2505 secundae
1609 2461 1848 2504 Adiutricis
1880 2465 1908 2506 t.
1929 2462 2093 2517 Aquin-

368 2531 511 2580 censis,
546 2530 659 2574 arch.
692 2545 753 2584 ep.
788 2531 935 2575 Mam.
957 2535 1011 2573 14
1031 2546 1079 2586 p.
1102 2534 1166 2576 63.
1224 2530 1429 2574 Fortasse
1459 2531 1655 2573 tribunus
1684 2530 1934 2575 laticlavias.

309 2621 316 2629 “
365 2616 405 2654 C.
436 2617 613 2652 FABIVS
645 2617 893 2653 FABIANVS
925 2617 1157 2653 VETILIVS
1189 2617 1503 2662 LVCILIANVS,
1535 2610 1797 2652 clarissimus
1817 2611 1898 2665 Vir,
1925 2610 2090 2666 legatus
2166 2614 2169 2621 ⁹

363 2677 550 2732 Augusti
590 2693 667 2735 pro
708 2694 772 2735 pr.
814 2679 1014 2734 (legionis
1053 2681 1207 2722 tertiae
1237 2679 1461 2734 Augustae
1491 2685 1534 2721 et
1565 2680 1812 2736 provinciae
1841 2678 2090 2732 Numidiae)

363 2746 443 2788 sub
465 2746 625 2789 Severo
645 2746 911 2803 Alexandro,
934 2747 1084 2790 consul
1105 2747 1355 2803 designatus
1386 2747 1508 2790 VIII
1524 2751 1640 2791 2737
1657 2748 1711 2801 cf.
1744 2747 1867 2790 VIII
1881 2747 2088 2791 S.10990.

361 2814 452 2856 Aut
480 2815 569 2868 ipse
596 2815 641 2859 O.
663 2815 831 2858 Fabius
861 2816 1115 2858 Iatciliartus
1139 2830 1181 2860 n.
1202 2819 1256 2858 33
1286 2819 1361 2858 aut
1390 2816 1506 2871 filius
1540 2817 1641 2859 eius.

280 2895 334 2936 23
365 2901 542 2936 FABIVS
573 2902 831 2937 FABVLLVS
863 2895 1029 2950 legatus
1060 2895 1243 2951 legionis
1263 2896 1306 2938 V
1327 2895 1558 2950 (Alaudae)
1590 2911 1627 2940 a.
1650 2896 1705 2938 69
1732 2895 1829 2939 Tac.
1851 2895 2087 2945 hist.3,14.

364 2962 484 3004 Idem
507 2962 688 3004 fortasse
708 2963 871 3006 Fabius
891 2964 1112 3019 Fabullus,
1146 2979 1272 3020 quem
1294 2964 1607 3006 circumtulisse
1629 2970 1758 3020 caput
1779 2962 1945 3007 Galbae
1974 2963 2090 3005 fama

363 3037 455 3072 erat
482 3030 597 3075 Plut.
637 3031 780 3074 Galba
810 3035 871 3075 27
899 3032 1026 3087 (tacet
1056 3032 1105 3075 de
1134 3032 1214 3075 hac
1242 3046 1289 3075 re
1324 3032 1421 3076 Tac.
1453 3031 1548 3076 hist.
1578 3035 1617 3083 1,
1642 3030 1726 3086 41),
1756 3031 1956 3074 wimirum
1984 3045 2088 3073 non-

362 3098 460 3140 dum
490 3098 662 3153 leyatas.
2110 3117 2113 3119 ’

278 3179 333 3221 24
363 3185 414 3222 Μ.
445 3185 623 3220 FABIVS
655 3186 926 3230 FABVLLVS,
956 3179 1156 3222 tribunus
1185 3179 1369 3222 militum
1398 3179 1579 3234 legionis
1609 3179 1800 3222 decimae
1829 3179 1980 3222 tertiae
2002 3158 2085 3224 Ge-

362 3247 524 3299 minae,
567 3246 734 3301 legatus
775 3247 888 3303 Aug.
930 3247 1060 3303 (Aug.
1099 3247 1347 3291 vocabulum
1388 3248 1675 3291 Mommsenus
1714 3248 1921 3290 adiectam
1956 3247 2088 3290 credit

365 3314 521 3368 errore)
542 3316 791 3371 provinciae
812 3315 988 3358 Africae
1008 3331 1073 3372 pr.
1095 3331 1173 3373 pr.,
1195 3316 1363 3371 legatus
1383 3315 1497 3371 Aug.
1519 3316 1700 3372 legionis
1721 3315 1913 3358 decimae
1934 3316 2086 3358 tertiae
