2202 3724
277 300 494 336 OOTAVIA
866 355 880 366 λ
1134 293 1218 335 430
1859 301 2077 338 OGTAVIA

275 432 329 474 45
361 436 578 473 OCTAVIA
609 429 797 482 (minor),
831 428 878 471 C.
911 427 1083 470 Octavii
1115 430 1324 485 praetoris
1349 435 1389 472 a.
1412 430 1495 472 693
1525 436 1567 472 et
1596 428 1724 472 Atiae
1743 429 1947 473 Aricinae
1976 431 2076 486 filia,

358 498 507 552 Iuliae,
541 497 739 540 Caesaris
771 497 992 538 dictatoris
1023 499 1194 551 sororis,
1228 499 1367 554 neptis
1389 498 1504 541 Suet.
1526 498 1637 553 Auy.
1659 502 1697 541 4.
1738 498 1938 554 Augusto
1961 500 2079 553 (nato

359 583 396 609 a.
428 582 468 610 u.
500 581 535 609 c.
568 566 668 619 691)
700 571 805 607 natu
834 565 972 606 maior
996 565 1117 609 Plut.
1146 566 1250 608 Ant.
1280 569 1333 608 31
1365 567 1418 620 ef.
1480 566 1595 609 Suet.
1626 566 1739 621 Auy.
1759 570 1799 610 4.
1860 568 1952 610 Iam
1981 575 2081 611 ante

358 648 519 676 annum
546 634 627 676 700
657 648 766 675 uxor
787 632 835 675 O.
857 632 1050 674 Marcelli
1074 633 1190 678 Suet.
1211 633 1329 676 Caes.
1352 638 1422 685 27,
1445 634 1563 677 Plut.
1587 634 1689 679 Ant.
1704 638 1772 685 31,
1795 635 1991 678 Marcell.
2010 639 2078 687 30,

361 703 457 745 Nic.
488 702 691 744 Damaso.
721 702 775 755 fr.
806 705 900 742 100·
929 700 1110 753 (Muller
1139 703 1195 755 fr.
1237 702 1277 744 h.
1315 702 1391 745 Gr.
1424 704 1513 746 III
1537 718 1584 757 p.
1615 702 1711 757 433)
1750 704 1804 757 ef.
1837 703 1965 746 etiam
1991 703 2077 747 Cic.

360 771 473 813 Phil.
503 774 542 821 3,
575 774 612 820 6,
647 773 712 820 17,
754 770 842 811 eius
875 773 923 811 ut
950 769 1115 811 videtur
1144 771 1217 823 qui
1244 771 1329 824 fuit
1359 771 1503 814 consul
1534 785 1572 813 a.
1606 775 1698 822 704,
1729 785 1830 814 narn
1858 772 1896 814 is
1925 771 2082 814 dieitur

361 840 541 882 Caesari
569 839 699 892 fuisse
730 838 946 891 affinitate
977 838 1220 880 coniunctus
1250 838 1354 893 (Dio
1374 843 1440 890 40,
1462 839 1545 894 59).
1597 839 1644 883 O.
1668 839 1839 894 Caesar,
1873 839 2099 883 defuncta-

358 907 468 950 Iulia
497 907 586 949 filia
614 907 671 961 (a.
699 906 812 960 700),
846 921 941 947 eam
972 906 1177 962 Pompeio
1210 907 1366 949 obtulit
1389 907 1503 950 Suet.
1529 907 1648 950 Caes.
1669 911 1739 952 27.
1786 908 1856 950 Ex
1876 907 2079 950 Marcello

354 983 489 1018 mater
510 975 694 1017 duarum
714 974 900 1017 filiarum
926 981 968 1016 et
988 974 1046 1016 M.
1069 974 1264 1016 Marcelli
1286 973 1417 1027 (hune
1427 977 1643 1030 peperisse
1663 976 1826 1019 videtur
1847 990 1958 1019 anno
1981 979 2078 1027 712,

358 1047 411 1099 ef.
434 1044 627 1098 Propert.
648 1046 687 1093 3,
710 1046 763 1085 16
791 1042 850 1098 [4,
874 1042 960 1097 18],
983 1045 1059 1094 15,·
1087 1043 1213 1085 aliter
1235 1043 1351 1088 Serv.
1377 1044 1436 1086 acl
1453 1044 1560 1086 Aen.
1584 1048 1621 1095 6,
1643 1044 1742 1099 861)
1763 1044 1882 1087 Plut.
1903 1043 2006 1087 Ant.
2025 1046 2082 1088 87

355 1114 409 1167 cf.
442 1113 558 1156 Suet.
589 1111 701 1166 Auy.
718 1105 776 1154 '63
807 1111 964 1165 (mater
988 1111 1183 1153 Marcelli
1207 1112 1366 1155 Strabo
1387 1115 1440 1154 14
1461 1127 1510 1166 p.
1531 1115 1624 1163 675,
1656 1113 1774 1156 Plin.
1797 1113 1835 1156 h.
1857 1127 1898 1155 n.
1921 1115 1987 1163 19,
2009 1116 2079 1156 24.

355 1185 422 1231 37,
439 1184 503 1231 11,
528 1180 643 1224 Suet.
671 1180 761 1222 Tib.
779 1182 835 1236 6).
881 1179 934 1222 A.
963 1180 1045 1222 714
1071 1179 1276 1222 Marcello
1298 1181 1451 1223 marito
1476 1181 1678 1224 defuncto
1700 1181 1910 1234 (nondum
1931 1181 2080 1223 decem

355 1248 573 1291 mensibus
604 1247 760 1304 elapsis
780 1248 915 1302 Plut.)
946 1250 1095 1304 nupsit
1119 1249 1180 1291 M.
1199 1248 1389 1292 Antonio
1412 1249 1531 1292 Plut.
1553 1249 1654 1292 Ant.
1677 1253 1745 1300 31,
1776 1249 1966 1304 Appian.
1985 1249 2022 1292 b.
2045 1263 2078 1293 c.

353 1321 393 1369 5,
425 1321 491 1360 64.
521 1321 586 1367 66,
629 1332 726 1359 cum
767 1331 1010 1373 praegnans
1052 1322 1181 1371 esset,
1226 1317 1440 1374 desponsa
1475 1319 1535 1361 M.
1570 1318 1760 1361 Antonio
1794 1317 1882 1361 Dio
1911 1321 1978 1369 48,
2004 1320 2080 1370 31,-

356 1387 409 1440 οἷ.
432 1386 522 1428 Liv.
537 1400 630 1440 per.
650 1389 748 1435 127,
788 1385 887 1428 Vell.
909 1389 952 1435 2,
977 1388 1042 1436 78,
1081 1385 1178 1428 Tac.
1202 1401 1241 1428 a.
1264 1390 1303 1436 1,
1336 1390 1403 1429 10.
1459 1387 1715 1438 (Octaviam,
1749 1400 1855 1441 quae
1885 1386 2080 1440 defuncto

355 1454 564 1497 Marcello
594 1454 738 1508 nupsit
770 1454 833 1495 M.
863 1453 1064 1504 Antonio,
1097 1455 1229 1507 fuisse
1258 1453 1506 1498 Anchariae
1535 1455 1685 1509 filiam,
1727 1455 1790 1497 ait
1818 1454 2081 1498 Plutarchus

357 1523 383 1566 l.
415 1538 471 1573 6.,
513 1522 587 1564 secl
625 1536 766 1564 errore
806 1525 854 1563 ut
882 1522 1059 1572 violetur,
1084 1523 1143 1576 ssf·
1175 1523 1250 1565 sub
1283 1538 1334 1565 ea
1363 1538 1470 1577 quae
1491 1523 1740 1577 praecedit).
1802 1523 1952 1578 Imayo
1991 1523 2080 1566 eius

354 1593 397 1633 in
436 1591 617 1633 nummis
648 1590 714 1632 M.
745 1589 948 1639 Antonii,
993 1605 1060 1644 ap.
1096 1590 1236 1633 Cohen
1266 1592 1319 1633 12
1344 1606 1392 1645 p.
1422 1595 1480 1635 52
1503 1605 1599 1646 seq„
1632 1592 1687 1645 cf.
1710 1591 1848 1634 Sallet
1875 1591 2080 1634 Zeitsehr.

353 1661 385 1714 f.
412 1659 540 1702 Nurn.
562 1662 614 1702 11
644 1658 782 1714 (1884)
806 1674 852 1713 p.
875 1662 959 1701 167
976 1673 1056 1712 seq.
1109 1659 1347 1702 Antonium
1377 1661 1605 1703 comitatur
1635 1661 1680 1702 in
1712 1660 1938 1704 Graeciam
1959 1659 2078 1703 Plut.

354 1728 457 1770 Ant.
482 1731 547 1778 33,
580 1727 770 1782 Appian.
794 1728 831 1769 b.
855 1742 889 1769 6.
909 1730 948 1777 5,
974 1730 1026 1769 76
1036 1741 1049 1778 ,·
1079 1729 1131 1781 ef.
1156 1729 1283 1770 etiam
1308 1728 1468 1772 Seneca
1495 1743 1608 1773 suas.
1631 1733 1670 1779 1,
1693 1732 1731 1772 6.
1790 1729 1860 1771 Ex
1890 1727 2080 1771 Antonio

354 1802 490 1838 mater
520 1796 704 1838 duarum
731 1795 1019 1838 Antoniarum
1039 1795 1156 1838 Plut.
1178 1796 1281 1840 Ant.
1303 1800 1368 1841 36.
1389 1800 1455 1839 37.
1477 1800 1544 1848 87,
1577 1798 1632 1851 cf.
1657 1811 1790 1852 supra
1809 1796 1853 1839 A
1871 1800 1962 1840 706.
1987 1799 2080 1840 707.

353 1863 479 1906 Anno
499 1864 579 1906 717
602 1864 780 1906 Tarenti
802 1865 1005 1906 maritum
1027 1870 1068 1906 et
1088 1864 1265 1906 fratrem
1286 1865 1538 1908 reconciliat
1552 1865 1671 1908 Plut.
1687 1865 1790 1910 Ant.
1802 1868 1869 1916 35,
1889 1865 2080 1921 Appian.

353 1933 390 1975 b.
412 1947 445 1975 6.
466 1935 505 1983 5,
527 1936 593 1975 93.
615 1936 680 1984 94,
712 1932 800 1975 Βῖό
820 1936 886 1982 48,
908 1935 962 1975 54
983 1933 1104 1988 (Zon.
1129 1937 1194 1984 10,
1218 1936 1307 1989 24).
1344 1934 1385 1976 Α
1406 1935 1558 1976 marito
1581 1949 1635 1976 ex
1657 1934 1851 1990 Corcyra
1870 1933 2011 1977 insula
2033 1935 2078 1976 in

353 2001 523 2044 Italiam
553 2002 753 2056 remissa,
796 2007 1025 2057 praetextu
1055 2001 1156 2044 belli
1188 2002 1379 2044 Parthici
1410 2002 1498 2045 Dio
1527 2005 1594 2054 48,
1626 2005 1691 2045 54.
1751 2002 1879 2045 Anno
1912 2003 1994 2045 719
2022 2002 2077 2046 ad

352 2071 555 2112 maritum
594 2085 692 2111 cum
729 2063 1095 2126 proficisceretur,
1147 2070 1320 2113 iubetur
1360 2070 1414 2113 ab
1455 2085 1503 2113 eo
1545 2071 1717 2114 domum
1758 2072 1917 2113 reverti
1956 2070 2076 2116 Pleu.

353 2138 456 2180 Ant.
489 2140 553 2192 53,
583 2137 672 2180 Dio
704 2141 770 2189 49,
801 2142 855 2180 33
885 2139 1008 2193 (Zon.
1031 2142 1098 2189 10,
1120 2138 1209 2193 26).
1269 2140 1431 2182 Romae
1470 2146 1617 2182 manet
1656 2140 1700 2181 in
1739 2139 1866 2182 domo
1896 2139 2077 2182 Antonii

353 2206 472 2251 Plut.
498 2209 562 2257 54,
595 2206 730 2249 donec
759 2206 814 2248 ab
845 2221 893 2248 eo
924 2208 1042 2249 iussa
1071 2213 1135 2249 est
1165 2207 1289 2249 domo
1322 2209 1509 2263 migrare
1533 2208 1652 2250 Plut.
1673 2210 1731 2251 57
1737 2221 1751 2259 ,·
1780 2207 2006 2265 repudium
2037 2208 2076 2250 ei

352 2276 530 2317 missum
560 2274 614 2316 ab
644 2274 833 2318 Antonio
865 2290 977 2317 anno
1011 2276 1092 2318 722
1123 2276 1216 2317 Liv.
1240 2291 1335 2330 per.
1356 2280 1452 2327 132,
1484 2275 1572 2319 Dio
1601 2279 1670 2327 50,
1700 2280 1739 2327 3,
1771 2276 1952 2331 Eutrop.
1975 2279 2013 2327 7,
2035 2279 2074 2328 6,

354 2343 528 2386 Orosius
558 2348 596 2394 6,
627 2347 693 2394 19,
725 2348 763 2386 4.
825 2344 1008 2386 Liberos
1038 2344 1219 2386 Antonii
1261 2360 1317 2387 ex
1356 2345 1451 2387 aliis
1492 2345 1704 2388 uxoribus
1741 2360 1829 2388 una
1858 2360 1956 2388 cum
1986 2347 2075 2388 suis

351 2411 507 2454 educat
537 2412 655 2454 Plut.
678 2412 781 2454 Ant.
803 2416 860 2454 87
889 2413 942 2466 cf.
965 2416 1030 2455 54.
1051 2416 1118 2457 57.
1169 2413 1221 2455 A.
1245 2414 1327 2456 719
1350 2416 1388 2456 ei
1410 2414 1632 2469 tributum,
1665 2420 1714 2456 ut
1732 2413 1870 2457 libera
1889 2429 1915 2455 a
1934 2419 2074 2456 tutore

354 2486 396 2521 et
425 2487 698 2523 sacrosancta
728 2487 840 2522 esset
865 2481 955 2523 Dio
973 2485 1039 2531 49,
1063 2484 1129 2523 38.
1181 2481 1234 2525 Α.
1258 2482 1340 2525 726
1371 2482 1461 2524 filia
1488 2483 1578 2524 eius
1609 2497 1666 2524 ex
1696 2482 1899 2524 Marcello
1926 2483 2074 2539 nupsit

352 2548 411 2590 M.
426 2548 647 2605 Agrippae
662 2549 727 2591 Di
730 2564 751 2592 0
766 2552 831 2600 53,
844 2553 869 2591 1
881 2550 1035 2604 (ipsam
1049 2551 1240 2603 nupsisse
1250 2550 1473 2605 Aqrippae
1489 2565 1629 2594 errore
1643 2552 1775 2605 refert
1785 2551 1890 2594 Zon.
1908 2554 1975 2602 10,
1986 2550 2073 2606 32).

352 2616 403 2660 A.
438 2617 516 2659 731
550 2618 706 2659 amittit
734 2617 871 2660 filium
900 2617 1153 2659 Marcellum
1185 2617 1345 2661 Seneca
1375 2619 1477 2662 dial.
1503 2623 1539 2669 6,
1568 2623 1612 2670 2,
1642 2623 1670 2661 3
1687 2633 1783 2673 seq„
1812 2619 1900 2662 Dio
1929 2622 1998 2670 53,
2019 2622 2074 2662 30

352 2686 407 2738 ef.
439 2685 531 2729 Liv.
554 2700 648 2739 per.
680 2689 772 2736 140,
807 2686 922 2729 Suet.
954 2686 1066 2740 Auy.
1099 2690 1162 2730 63.
1223 2687 1337 2729 Eum
1378 2702 1456 2744 per
1496 2687 1710 2743 reliquum
1750 2694 1918 2744 tempus
1957 2689 2073 2730 vitae

350 2752 498 2807 lugere
542 2768 628 2795 non
665 2754 823 2796 desinit
862 2754 1024 2797 Seneca
1063 2754 1089 2796 l.
1132 2768 1190 2806 e.,·
1231 2756 1286 2809 ef.
1309 2756 1558 2806 ¹consolatio
1604 2755 1663 2798 acl
1698 2747 1869 2798 Liviani
1911 2770 1948 2798 v.
1979 2759 2071 2799 441.

351 2822 558 2863 Praesens
589 2836 686 2863 cum
708 2821 927 2876 Vergilius
959 2828 1128 2864 sextum
1162 2822 1380 2865 Aeneidos
1410 2823 1569 2866 librum
1598 2825 1810 2879 recitaret,
1842 2824 1898 2866 ad.
1922 2839 2074 2866 versus

352 2889 405 2931 de
435 2889 522 2932 filio
554 2905 630 2932 suo
663 2890 717 2944 (6,
748 2893 829 2932 860
860 2890 959 2944 seq)
995 2890 1203 2932 defecisse
1243 2892 1379 2934 fertur
1420 2898 1463 2934 et
1501 2906 1629 2947 aegre
1668 2891 1859 2934 focillata
1897 2898 1962 2935 est
1999 2892 2070 2934 vit.

351 2957 527 3012 Veryilii
554 2958 602 3000 cle
629 2959 924 3000 commentario
945 2958 1114 3001 Donati
1138 2959 1310 3001 sublata
1340 2959 1472 3012 (Suet.
1495 2976 1543 3015 p.
1565 2963 1623 3004 62
1641 2960 1988 3015 Reifferscheid),·
2017 2960 2070 3015 cf.

353 3025 526 3069 Servius
557 3026 615 3068 ad
644 3026 760 3081 Very.
783 3026 890 3068 Aen.
913 3030 950 3077 6,
973 3030 1065 3069 861.
1117 3028 1218 3083 Ipsa
1249 3029 1384 3070 suasit
1413 3029 1489 3084 (sie
1510 3029 1655 3080 Plut.;
1689 3029 1859 3071 exorari
1880 3043 1926 3070 se
1947 3042 2072 3085 passa

351 3100 416 3135 est
446 3093 595 3149 Suet),
631 3101 677 3137 ut
707 3095 884 3137 dimissa
904 3095 1123 3149 Marcella,
1155 3096 1244 3138 filia
1274 3097 1422 3152 ipsius,
1454 3097 1651 3154 Agrippa
1680 3098 1723 3139 in
1754 3097 2072 3140 matrimonium

350 3162 527 3204 duceret
563 3163 720 3205 Iuliam
759 3163 878 3206 Plut.
908 3163 1010 3206 Ant.
1042 3167 1108 3214 87,
1148 3165 1263 3207 Suet.
1295 3165 1408 3220 Auy.
1441 3169 1507 3210 63.
1578 3165 1798 3208 Defuncta
1835 3180 1948 3207 anno
1989 3165 2071 3208 743

350 3229 438 3273 Dio
466 3233 532 3280 54,
555 3234 610 3273 35
631 3231 753 3286 (Zon.
778 3235 841 3281 10,
862 3233 932 3287 34)
955 3232 1009 3285 ef.
1033 3232 1125 3274 Liv.
1144 3247 1239 3286 per.
1262 3236 1354 3283 140,
1385 3233 1546 3276 Seneca
1567 3233 1669 3276 dial.
1690 3237 1755 3284 11,
1777 3236 1829 3276 15
1850 3232 2072 3287 (defuncta

350 3313 447 3340 cum
476 3297 700 3353 Augustus
742 3299 872 3342 LIIII
911 3301 1063 3342 aetatis
1103 3315 1262 3343 annum
1302 3308 1470 3356 ageret,
1512 3303 1538 3345 i.
1572 3316 1607 3346 e.
1648 3316 1760 3344 anno
1797 3301 1921 3344 744l5
1953 3301 2069 3345 Suet.

347 3365 460 3423 Auy.
492 3369 556 3418 61,
587 3367 726 3411 minus
756 3370 952 3410 accurate
980 3370 1027 3411 ut
1056 3367 1241 3421 videtum·
1270 3369 1361 3411 noli
1380 3373 1550 3427 putare,
1578 3369 1826 3414 Suetonium
1855 3368 1905 3413 de
1932 3367 2070 3414 altera
