2202 3724
267 321 439 357 NERVA
1046 358 1048 360 ¹
1130 309 1215 350 404
1858 313 2072 350 NICETES

267 476 323 482 —
352 457 405 493 M.
434 455 676 491 COCCEIVS
708 453 881 488 NERVA
910 465 964 479 :-
995 452 1096 487 IMP.
1130 449 1326 486 CAESAR
1356 449 1529 484 NERVA
1557 449 1671 487 AVG.

266 544 323 548 -—-
352 527 399 562 A.
431 523 647 559 LICINIVS
679 521 852 557 NERVA
884 519 1126 555 SILIANVS.

266 611 322 616 —
352 593 393 630 P.
427 592 583 627 SILIVS
616 590 799 625 NERVA.

269 679 324 683 —
354 653 538 695 Claudia
567 653 799 694 Nerviana.

267 724 321 764 54
354 723 518 775 Nestor,
551 721 790 773 Tarsensis,
823 713 1103 775 philosophus
1127 716 1413 759 Academicus
1444 716 1633 770 (Stoicus
1655 717 1789 770 Luc.),
1823 724 2076 773 praeceptor

352 789 547 831 Marcelli
579 789 788 831 Octaviae
817 787 894 828 filii
917 786 1076 830 Strabo
1101 789 1154 827 14
1175 799 1222 838 p.
1246 788 1339 826 674.
1370 786 1462 834 675,
1497 791 1750 840 praeceptor
1778 784 1846 827 Ti.
1877 784 2075 828 Caesaris

352 860 531 900 Istician.
554 857 737 899 macrob.
758 859 829 899 21.
875 856 927 897 In
957 855 1099 910 patria
1129 869 1207 895 sua
1237 854 1437 909 princeps
1460 852 1619 895 Strabo
1651 852 1676 894 l.
1706 867 1740 895 c.
1786 853 1910 896 Vixit
1940 869 2075 896 annos

352 927 588 982 nonaginta
617 926 724 967 duos
755 925 936 966 Ducian.
971 923 996 965 l.
1029 936 1063 964 c.

267 1021 324 1027 —
355 995 547 1038 Iulianus
578 995 747 1036 Nestor.

265 1089 323 1093 -——
351 1064 410 1106 M.
442 1063 638 1117 Gongius
666 1062 962 1108 Nestorianus.

270 1157 321 1161 ·—-
353 1137 574 1172 CLAVDIA
606 1137 751 1171 PAPIA
783 1135 1008 1170 NETONIA
1038 1133 1241 1168 INSTEIA
1272 1133 1637 1171 PRAENESTINA.

269 1202 322 1243 55
354 1201 566 1255 Nicanor,
605 1199 708 1241 Arei
748 1197 815 1250 (ex
855 1198 1096 1239 coniectura
1136 1195 1358 1250 Salmasii)
1399 1194 1664 1251 philosophi,
1708 1195 1895 1250 Augusti
1934 1199 2074 1254 amici,

357 1268 483 1323 filius,
517 1274 558 1310 et
586 1269 679 1323 ipse
710 1265 1030 1309 contubernalis
1063 1264 1248 1318 Augusti
1281 1263 1395 1307 Suet.
1426 1263 1537 1318 Auy.
1567 1266 1636 1306 89.

269 1338 323 1379 56
355 1337 565 1390 Nicanor,
607 1336 807 1378 tribunus
843 1334 1086 1390 (χιλίαρχος)
1128 1333 1172 1373 in
1213 1333 1407 1374 exercitu
1437 1332 1716 1388 Vespasiani,
1758 1327 1941 1391 Iosepho
1979 1335 2078 1377 olim

353 1412 493 1459 notus,
525 1406 681 1446 missus
712 1420 738 1446 a
758 1404 1026 1459 Vespasiano
1050 1401 1283 1457 Iosephum
1315 1407 1363 1443 ut
1392 1416 1437 1443 se
1462 1401 1592 1442 dedat
1622 1402 1852 1458 persuadet
1870 1403 2074 1458 Iosephus

353 1473 447 1516 bell.
467 1476 506 1524 3,
526 1476 565 1523 8,
588 1477 631 1516 2.
654 1477 692 1516 3.
713 1476 751 1515 4.
773 1475 813 1514 8.
866 1471 986 1513 Idem
1020 1476 1070 1511 ut
1099 1469 1275 1511 videtur
1304 1469 1496 1511 Nicanor
1525 1470 1612 1511 Titi
1644 1471 1828 1523 amicus,
1859 1486 1958 1514 cum
1987 1487 2074 1515 una

353 1557 451 1583 cum
472 1541 654 1598 Iosepho
677 1540 1077 1595 Hierosolymorum
1099 1538 1345 1580 defensores
1372 1537 1654 1580 adlocuturus
1675 1546 1799 1593 esset,
1823 1539 2074 1583 vulneratus

351 1611 407 1652 ib.
438 1613 476 1660 5,
508 1613 546 1660 6,
579 1613 621 1652 2.

267 1679 319 1721 57
352 1680 419 1722 Τί.
460 1677 731 1734 Nicephorus
769 1677 854 1730 (Ti.
885 1675 1022 1718 Iulius
1053 1674 1323 1731 Nicephorus
1355 1676 1495 1729 puto),
1537 1676 1802 1732 temporibus
1842 1675 2012 1720 Claudii
2050 1693 2076 1720 a

352 1747 613 1802 Cibyraticis
644 1745 1182 1802 quotannisdenariorum
1220 1744 1302 1785 tria
1332 1743 1466 1785 millia
1506 1744 1706 1798 exigebat
1742 1748 1768 1787 t.
1807 1744 2076 1800 Cibyraticus

351 1814 818 1868 Lebas-Waddinyton
846 1816 973 1857 1212.
1032 1812 1098 1866 Cf.
1131 1812 1381 1865 Hirschfeld
1410 1811 1538 1855 Verw.
1562 1813 1595 1854 I
1607 1827 1654 1866 p.
1676 1816 1730 1854 13
1757 1817 1843 1856 not.
1866 1818 1905 1858 1.

268 1885 321 1926 58
356 1884 592 1936 Niceratus,
615 1882 810 1935 Macedo,
834 1882 997 1923 amicus
1020 1880 1240 1922 Plutarchi
1261 1880 1379 1922 Plut.
1401 1884 1559 1934 quaest.
1582 1895 1694 1925 conv.
1716 1884 1755 1931 5,
1776 1886 1803 1924 4
1823 1883 1888 1937 (p.
1910 1886 1992 1926 677
2002 1882 2073 1937 O).

267 1978 323 1981 —
354 1959 415 1994 TI.
449 1958 695 1993 CLAVDIVS
726 1956 1007 1991 FRONTINVS
1038 1954 1335 1992 NIGERATVS.

268 2021 322 2062 59
352 2021 554 2073 Niceros,
592 2018 816 2075 myropola
861 2017 1063 2059 Martial.
1095 2020 1164 2067 12,
1197 2019 1261 2067 65,
1290 2020 1317 2059 4
1356 2018 1411 2071 cf.
1453 2020 1491 2068 6,
1526 2020 1591 2068 55,
1621 2021 1662 2060 3.
1702 2023 1767 2070 10,
1797 2022 1864 2070 38,
1895 2022 1935 2070 8,
1976 2021 2075 2063 item

354 2089 502 2132 Sidon.
532 2087 675 2142 Apoll.
708 2101 837 2129 carrn.
869 2090 908 2137 9,
938 2089 1038 2130 323.

270 2158 324 2200 60
355 2158 539 2210 Nicetes,
572 2155 717 2198 rhetor
749 2157 942 2199 Graecus
972 2153 1237 2211 temporibus
1267 2154 1455 2209 Augusti
1485 2155 1767 2210 Hieronymus
1792 2156 1934 2199 chron.
1957 2157 2015 2199 ad
2033 2172 2073 2200 a.

353 2226 460 2269 Abr.
502 2227 620 2267 1984.
688 2223 892 2265 Tiberius
932 2224 1024 2264 eius
1064 2223 1236 2276 ingenio
1280 2222 1579 2265 offendebatur
1615 2223 1775 2266 Seneca
1813 2238 1926 2268 suas.
1965 2229 2005 2275 3,
2035 2228 2073 2268 7.

354 2294 522 2335 Passim
562 2292 764 2334 laudatur
802 2306 829 2332 a
871 2291 1053 2341 Seneca,
1098 2291 1152 2344 cf.
1184 2290 1271 2333 ind.
1304 2290 1561 2345 Kiesslinyii
1580 2306 1627 2345 p.
1657 2294 1747 2334 546.
1782 2318 1833 2322 —
1865 2293 1940 2335 Ad
1966 2293 2075 2335 hunc

351 2361 515 2402 videtur
527 2361 742 2415 pertinere
763 2361 1024 2414 epiyrarnma
1035 2359 1358 2402 Automedontis
1379 2360 1494 2402 anth.
1508 2360 1604 2402 Pal.
1622 2364 1687 2410 10,
1703 2364 1773 2411 23,
1792 2362 1846 2415 cf.
1861 2362 2076 2404 Hillscher

354 2429 509 2473 Jahrb.
542 2430 574 2483 f.
608 2429 657 2471 cl.
691 2428 808 2470 Phil.
839 2428 974 2482 suppl.
1006 2428 1084 2470 vol.
1115 2430 1170 2470 18
1190 2443 1239 2483 p.
1259 2430 1351 2472 415.

273 2499 324 2540 61
356 2498 530 2539 Nicetes
560 2503 844 2551 cognomento
874 2497 1084 2539 Sacerdos
1126 2498 1454 2552 (coynonienturn
1494 2511 1578 2539 non
1611 2497 1738 2540 habet
1774 2497 2079 2548 Philostratus,

357 2564 511 2607 habere
540 2565 705 2607 videtur
734 2565 920 2614 Plinius,
956 2565 1051 2607 item
1087 2565 1269 2615 Tacitus,
1300 2565 1416 2620 apud
1441 2579 1560 2619 quem
1590 2580 1641 2607 ex
1670 2567 1912 2608 coniectura
1940 2566 2083 2626 Lipsii

358 2633 497 2674 editur
528 2633 740 2676 Sacerdos
771 2634 850 2674 iste
880 2633 1053 2674 Nicetes
1076 2647 1161 2687 pro
1203 2633 1403 2675 sacerdos
1434 2635 1513 2676 iste
1544 2635 1678 2676 enitet
1707 2634 1917 2676 codicibus
1947 2634 2082 2677 tradi-

359 2703 469 2751 tunz;
509 2701 582 2742 sed
619 2701 712 2743 vide
741 2715 792 2742 ne
824 2701 1034 2743 Sacerdos
1065 2701 1252 2743 diversus
1282 2702 1411 2755 suerit
1442 2716 1469 2743 a
1501 2702 1647 2744 Nicete
1676 2705 1715 2744 et
1744 2702 1861 2756 apud
1887 2702 2082 2745 Plinium

356 2769 732 2823 interpunyendurn
771 2769 882 2810 inter
916 2769 1112 2810 Nicetem
1153 2772 1192 2811 et
1223 2769 1520 2823 Sacerdotem,
1563 2769 1679 2824 apud
1711 2770 1904 2813 Tacitum
1943 2774 2083 2814 autem

357 2836 624 2879 scribendum
655 2843 697 2878 et
727 2837 921 2891 Nicetes,
954 2838 1008 2890 cf.
1030 2837 1179 2879 Rohde
1207 2851 1311 2881 nius.
1337 2837 1473 2880 Rhen.
1494 2841 1561 2888 41,
1590 2840 1699 2880 1886
1719 2853 1768 2892 p.
1796 2841 1901 2895 184),
1934 2839 2080 2895 Smyr-

359 2919 514 2959 naeuS,
558 2904 715 2946 rhetor.
776 2904 873 2946 Arti
915 2919 1017 2947 suae
1058 2906 1213 2947 iacenti
1254 2906 1417 2961 primus
1458 2919 1593 2947 novas
1635 2907 1727 2948 vias
1764 2907 1904 2962 aperit
1933 2906 2082 2949 Philo-

359 2975 521 3014 stratus
550 2973 620 3016 vit.
651 2972 768 3025 soph.
795 2976 833 3022 1,
868 2976 929 3015 19.
975 2973 1324 3016 Declamationes
1354 2975 1446 3016 eius
1475 2988 1632 3028 magno
1662 2974 1818 3030 plausu
1847 2974 2085 3017 audiuntur

361 3041 405 3082 in
426 3039 534 3082 Asia
559 3039 658 3082 Tac.
681 3039 783 3081 dial.
806 3043 870 3090 15,
899 3056 936 3084 a.
961 3042 1062 3083 circ.
1087 3042 1139 3084 75
1172 3039 1267 3095 (quo
1287 3042 1478 3084 habitum
1499 3042 1713 3097 dialoyuin
1732 3043 1855 3097 filnyit
1879 3042 2081 3098 Tacitus).

361 3109 523 3150 Romae
553 3107 730 3149 auditur
759 3123 785 3149 a
816 3107 955 3149 Plinio
985 3109 1310 3152 adulescentulo
1333 3111 1450 3164 (nato
1472 3126 1510 3152 a.
1532 3111 1678 3165 61s62)
1699 3110 1815 3153 Plin.
1836 3125 1897 3165 cp.
1918 3114 1956 3161 6,
1980 3114 2019 3162 6,
2039 3114 2079 3154 3.

359 3177 558 3230 Iurgium
598 3177 689 3217 eius
730 3190 824 3217 cum
866 3177 976 3218 Rufo
1017 3177 1172 3232 logista
1209 3178 1567 3235 Smyrnaeorum3
1613 3179 1667 3221 ad
1712 3178 1825 3221 hunc
1869 3180 2080 3222 exercitui

359 3245 619 3288 Germanico
659 3245 951 3300 praepositum
998 3246 1284 3301 proficiscitur
1328 3248 1446 3290 iussu
1496 3248 1766 3304 imperatoris
1811 3246 1983 3289 Nervae
2025 3247 2081 3289 ad

358 3327 532 3355 causam
563 3311 789 3354 dicendam
825 3319 868 3354 et
901 3312 954 3354 ab
992 3327 1040 3354 eo
1076 3313 1314 3356 absolvitur
1349 3315 1640 3358 Philostratus
1671 3314 1697 3358 l.
1729 3328 1763 3358 c.
1813 3314 2080 3358 Memor-atur

358 3380 566 3423 Philostr.
598 3380 624 3423 l.
657 3393 690 3422 c.
721 3384 759 3430 1,
790 3384 860 3423 20.
892 3384 961 3423 21.
