2190 3724
115 301 350 337 HELENVS
979 295 1062 337 129
1654 303 1928 339 IIELVIDIVS

119 433 174 476 30
205 431 358 475 Helico
379 446 530 474 servus
553 432 726 473 natione
746 430 1002 488 Aegyptius,
1035 432 1119 476 Gai
1144 434 1352 490 principis
1373 432 1677 488 cubicularius,
1708 432 1929 475 dominum

208 501 253 543 in
273 499 457 542 Iudaeos
477 500 654 555 instigat
674 499 805 542 Philo
827 500 902 555 leq.
925 500 983 542 acl
1000 499 1159 543 Gaium
1180 516 1213 544 e.
1230 504 1383 546 26—28
1403 517 1451 557 p.
1472 506 1555 546 570
1575 515 1657 556 seq.
1688 501 1730 562 A
1746 500 1929 545 Claudio

205 567 416 612 occiditur
445 568 502 610 ib.
536 582 570 611 c.
590 571 645 610 30
667 583 715 623 p.
735 571 828 613 576.

121 651 171 693 31
207 647 469 691 Heliodorus
508 647 786 705 philosophus
828 650 1004 703 stoicus,
1055 648 1241 703 delator,
1284 651 1358 706 qui
1398 651 1615 693 Licinium
1656 649 1720 705 [L.
1757 651 1931 692 Iunium

208 716 395 772 szsz'us]
429 716 624 760 Silanum
655 716 913 773 discipulum
945 732 1069 759 suum
1100 719 1343 760 testimonio
1374 720 1590 775 oppressit
1613 718 1740 761 schol.
1764 718 1822 761 ad
1839 718 1932 761 Im.

207 789 286 828 sat.
308 789 346 837 1,
368 788 447 836 33;
476 800 524 827 eo
555 785 775 827 deferente
806 785 1030 839 (Baebius)
1057 786 1202 828 Massa
1233 794 1276 829 et
1305 787 1516 841 (Mettius)
1548 786 1686 830 Carus
1714 788 1845 829 occisi
1876 787 1932 831 ib.

208 854 266 896 ad
285 868 321 898 r.
336 857 403 896 33.
438 854 651 896 Narratio
672 854 849 907 confusa
871 853 944 907 (cf.
962 855 1090 896 etiam
1102 854 1351 897 Demetrius
1373 855 1616 898 causidicus
1636 869 1770 910 snpra
1786 854 1933 910 D32).

123 936 178 978 32
208 933 470 977 Heliodorus
501 933 793 990 philosophuS,
823 935 989 976 amicus
1010 934 1223 976 Hadriani
1253 935 1324 977 vit.
1347 935 1572 978 Hadriani
1589 938 1653 986 16,
1674 939 1752 987 10,·
1781 934 1933 977 nihilo-

210 1003 353 1045 minus
383 1003 439 1045 ab
471 1002 620 1045 eodem
651 1002 946 1045 famosissimis
976 1001 1131 1045 litteris
1159 1003 1381 1046 lacessitus
1411 1004 1467 1046 ib.
1490 1007 1555 1055 15,
1576 1006 1615 1047 5.

125 1084 180 1125 33
211 1082 476 1125 Heliodorus
505 1081 670 1136 Arabs,
710 1082 923 1138 sophista,
965 1083 1122 1125 missus
1159 1085 1203 1125 in
1245 1082 1430 1126 Galliam
1472 1091 1520 1126 ut
1562 1099 1735 1127 causam
1771 1084 1937 1140 patriae

209 1151 328 1208 apud
349 1152 652 1208 imperatorem
674 1150 963 1204 (Caracallam
984 1158 1032 1193 ut
1050 1151 1242 1205 videtur)
1268 1158 1416 1206 ageret
1440 1151 1633 1194 favorem
1663 1153 1754 1194 eius
1784 1159 1937 1195 nactus

211 1235 295 1262 non
327 1219 467 1262 solum
499 1234 630 1276 eques
656 1219 875 1261 Romanus
901 1218 956 1261 ab
989 1234 1037 1261 eo
1068 1219 1209 1261 factus
1240 1227 1304 1262 est
1335 1235 1421 1262 una
1448 1235 1545 1262 cum
1576 1220 1675 1262 filiis
1706 1221 1781 1263 sed
1809 1222 1937 1264 etiam

209 1289 452 1345 praefectus
481 1293 533 1345 τῇ
562 1289 726 1345 μεγίστῃ
756 1293 834 1331 τῶν
870 1289 971 1330 κατὰ
1001 1290 1070 1345 τὴν
1099 1287 1261 1346 Ῥώμην
1293 1289 1527 1346 Ευνηγοριῶν
1569 1289 1614 1344 (τ’.
1644 1303 1676 1333 e.
1711 1277 1939 1332 advocatus

211 1358 305 1412 fisci
323 1358 476 1411 faetus,
510 1356 564 1410 of.
587 1355 837 1410 Hirschfeld
865 1356 1027 1399 Unters.
1050 1371 1099 1411 p.
1120 1359 1174 1400 51
1203 1360 1288 1399 not.
1308 1356 1375 1411 3)3
1405 1364 1574 1399 mortuo
1605 1358 1863 1414 imperatore
1894 1361 1938 1401 in

212 1425 397 1468 insulam
428 1424 655 1480 relegatus,
687 1432 865 1481 propter
890 1424 1108 1467 homicidii
1130 1425 1292 1467 crimen
1313 1426 1494 1468 Romam
1516 1432 1741 1481 retractus,
1774 1442 1800 1469 a
1819 1443 1939 1484 prac-

212 1495 336 1537 fectis
367 1494 582 1551 praetorio
611 1493 834 1536 absolutus
862 1500 950 1548 est3
990 1493 1170 1536 vivebat
1198 1494 1361 1536 Romae
1392 1509 1491 1536 cum
1520 1494 1808 1537 Philostratus
1838 1497 1938 1537 scri—

211 1564 333 1606 beret
375 1566 492 1621 ‘pxjre
526 1564 844 1618 σπουδάζομενος
879 1565 969 1620 μήτ’
1004 1562 1288 1620 ἀμελούμενος’
1318 1562 1521 1607 th'lostr.
1555 1564 1626 1607 υἱέ.
1662 1563 1778 1618 soph.
1804 1568 1847 1614 2,
1868 1569 1938 1607 32.

210 1632 405 1675 Eundem
434 1645 519 1674 esse
552 1632 597 1673 Τ.
628 1631 852 1673 Aurelium
880 1631 1157 1674 Heliodorum
1185 1631 1497 1686 Palmyrenmn,
1531 1646 1599 1686 ap.
1624 1632 1784 1674 Kaibel
1810 1633 1936 1675 inser.

210 1699 288 1743 Gr.
322 1700 442 1744 sicil.
474 1700 576 1744 Ital.
598 1703 810 1751 969—971,
842 1700 1016 1742 coniecit
1047 1700 1296 1742 Mommsen.

126 1794 183 1798 —
213 1770 453 1824 (AVIDIVS)
484 1774 820 1811 HELIODORVS.

126 1863 183 1868 —
214 1838 264 1881 C.
293 1837 481 1880 Avidius
511 1836 788 1880 Heliodorus.

128 1920 185 1962 34
214 1919 392 1974 Helius,
435 1917 606 1961 Claudii
637 1917 751 1973 Aug.
782 1917 809 1962 l.
843 1917 950 1970 (Dio
978 1920 1042 1972 63,
1075 1918 1162 1972 12),
1195 1918 1256 1960 rei
1287 1917 1489 1961 familiari
1520 1918 1728 1975 principis
1758 1919 1802 1959 in
1832 1918 1939 1961 Asia

213 1989 436 2045 impositus
466 1987 526 2031 M.
559 1986 755 2030 Silanum
785 1985 1085 2043 proconsulem
1115 2001 1282 2029 veneno
1313 1994 1439 2030 necat
1468 2002 1506 2031 a.
1530 1987 1586 2030 54
1620 1987 1718 2029 Tac.
1746 2002 1785 2029 a.
1808 1991 1872 2037 13,
1899 1991 1937 2030 1.

126 2062 137 2064 ⁴
211 2056 253 2100 A
281 2057 454 2099 Nerone
485 2070 584 2099 cum
610 2057 656 2097 in
682 2055 893 2098 Achaiam
922 2055 1268 2112 proficisceretur
1302 2054 1433 2097 rebus
1463 2054 1640 2097 urbanis
1671 2057 1939 2112 praepositus

213 2125 302 2169 Dio
331 2128 396 2177 63,
428 2129 509 2177 12;
549 2124 714 2169 Suidas
753 2138 786 2167 s.
826 2138 862 2167 v.
902 2124 1127 2181 μελεδωνός
1157 2144 1213 2159 =
1243 2123 1415 2166 Aelian.
1446 2124 1502 2178 fr.
1533 2127 1628 2166 119.
1697 2124 1938 2180 Sulpicium

212 2194 486 2238 Camerinum
516 2208 614 2236 cum
640 2193 728 2236 filio
754 2193 958 2236 interficit
977 2193 1066 2235 Dio
1086 2196 1150 2244 63,
1172 2195 1240 2235 18.
1287 2193 1504 2235 Neronem
1525 2198 1573 2235 ut
1594 2192 1755 2235 rediret
1780 2193 1939 2236 frustra

212 2264 406 2306 hortatus
427 2263 483 2306 ib.
505 2277 538 2305 c.
560 2266 638 2313 19;
659 2262 775 2305 Suet.
798 2261 902 2304 Ner.
917 2264 988 2312 23,
1011 2262 1056 2303 in
1076 2260 1287 2303 Achaiam
1307 2260 1526 2318 profectus
1547 2261 1724 2303 reduxit
1743 2260 1830 2303 Dio
1854 2261 1879 2305 l.
1905 2276 1938 2303 e.

211 2331 253 2375 A
276 2331 418 2376 Galba
448 2332 614 2374 occisus
634 2331 754 2373 Plut.
784 2330 910 2373 Galb.
931 2334 989 2373 17
995 2344 1008 2382 ,·
1037 2330 1125 2373 Dio
1145 2333 1210 2381 64,
1232 2333 1272 2374 3.
1323 2329 1555 2372 Memorari
1577 2329 1751 2372 videtur
1777 2330 1875 2374 Tae.
1898 2329 1937 2372 Ῐι.

213 2405 250 2452 1,
271 2404 330 2443 37
352 2400 492 2455 (modo
518 2403 627 2443 recte
647 2399 822 2454 Lipsius
842 2413 928 2453 pro
948 2398 1135 2454 Aegialii
1158 2398 1313 2441 codicis
1339 2399 1574 2453 reposuerit
1594 2397 1744 2453 Helii).

126 2483 181 2525 35
211 2481 367 2524 Helius
397 2480 611 2535 gladiator
641 2479 868 2522 Martialis
884 2482 924 2530 5,
944 2483 1014 2530 24,
1035 2482 1075 2522 5.

127 2563 183 2605 36
214 2560 368 2618 Helpis
388 2559 578 2603 Herodis
598 2559 748 2614 Magni
771 2559 1025 2614 concubina,
1057 2565 1196 2601 mater
1217 2557 1410 2602 Salomes
1431 2558 1633 2613 Iosephus
1654 2561 1740 2601 ant.
1762 2561 1828 2609 17,
1846 2562 1883 2609 1,
1899 2564 1939 2608 3,

214 2630 307 2673 bell.
329 2633 366 2681 1,
389 2632 459 2684 28,
481 2633 520 2672 4.

126 2757 180 2800 37
211 2761 482 2798 HELVIDIVS
504 2760 707 2797 PRISCVS
728 2760 903 2811 praetor
922 2768 960 2796 a.
985 2753 1053 2796 70.
1097 2752 1166 2796 De
1177 2753 1457 2808 praenomine
1478 2755 1701 2803 constaret,
1714 2753 1762 2797 >si
1784 2756 1939 2795 eertum

212 2827 316 2868 esset
352 2837 445 2866 eam
484 2836 569 2866 esse
601 2836 733 2865 unum
767 2837 818 2866 ea:
851 2821 1061 2865 Helvidiis
1095 2821 1261 2865 Priscis
1289 2822 1410 2876 infra
1438 2835 1480 2863 n.
1507 2824 1664 2863 39-41.
1717 2820 1940 2863 Oriundus

214 2909 237 2935 e
276 2892 511 2948 municipio
553 2891 740 2946 Cluviis,
783 2891 958 2946 regione
996 2890 1149 2933 Italiac
1190 2890 1402 2934 Carecina
1438 2889 1535 2932 Tae..
1572 2889 1611 2931 Ιι.
1644 2893 1683 2939 4,
1713 2892 1739 2932 5
1768 2890 1834 2944 (cle
1863 2890 1939 2931 7000

209 2961 439 3016 municipio
478 2961 533 3014 ef.
575 2960 813 3003 Mommsen
851 2960 912 3002 ad
946 2959 1060 3003 CIL.
1091 2960 1167 3002 IX
1193 2963 1320 3010 2999,
1363 2959 1411 3002 de
1448 2959 1617 3013 reqione
1655 2959 1712 3001 ib.
1744 2974 1790 3012 p.
1822 2958 1937 3010 257).

214 3032 344 3074 Pater
374 3028 651 3086 primipilaris
687 3029 785 3072 Tac.
817 3028 844 3071 l.
876 3042 909 3071 c.
961 3028 1177 3081 Quaestor
1205 3027 1399 3070 Achaiae
1427 3027 1554 3070 schol.
1584 3021 1675 3069 Iuv.
1698 3030 1737 3077 5,
1758 3030 1824 3076 36,
1857 3025 1937 3067 sub
1982 3056 1987 3060 ·

211 3099 386 3141 Nerone
414 3097 496 3148 iel„
536 3097 613 3140 hoe
641 3100 691 3139 nt
717 3096 883 3139 videtur
912 3110 1067 3139 errore.
1124 3097 1315 3152 Legatus
1355 3095 1537 3150 legionis
1578 3096 1621 3136 in
1654 3096 1783 3150 Syria
1813 3110 1850 3136 a.
1881 3095 1931 3136 51

213 3168 407 3210 Taurum
437 3165 726 3208 transscendit
759 3165 857 3208 Tac.
890 3179 929 3207 a.
959 3168 1029 3215 12,
1055 3169 1122 3208 49.
1182 3164 1426 3217 (Diversum
1456 3164 1587 3217 fnisse
1616 3163 1725 3205 hune
1756 3162 1936 3216 leyatum

213 3235 388 3289 leyionc's
433 3249 461 3276 a
502 3237 646 3276 nostro
679 3236 860 3288 propter
904 3234 1183 3276 testimonium
1232 3233 1484 3275 scholiastae
1529 3231 1743 3273 Iuvenalis
1787 3231 1935 3272 statuit

211 3303 414 3358 Lipsius).
459 3301 680 3344 Tribunus
701 3301 841 3358 plebis
861 3317 900 3346 a.
923 3303 977 3344 56
1004 3302 1102 3344 Tae.
1126 3316 1166 3344 a.
1188 3305 1254 3352 13,
1275 3305 1345 3344 28.
1397 3301 1450 3343 A.
1472 3300 1527 3342 66
1549 3299 1766 3341 Thraseae
1797 3298 1931 3340 soceri

195 3386 476 3422 Prosopographia
502 3386 585 3422 me.
603 3386 695 3414 Rom.
731 3385 778 3414 ll.
1639 3378 1661 3412 9
