2202 3724
153 295 319 331 IVLIVS
1018 290 1099 333 195
1797 298 1962 333 IVLIVS

238 425 430 468 Arabiae
460 428 488 466 t.
510 427 549 466 1.
571 428 615 468 2.
636 427 675 469 3.
696 428 736 476 4,
768 425 1065 481 Augustorum
1096 426 1282 469 duorum
1316 430 1343 469 t.
1368 430 1396 469 4
1426 429 1523 481 (τῶν
1543 427 1757 485 Σεβαστῶν
1788 430 1816 470 t.
1838 430 1881 471 2.
1902 429 1962 482 3),

238 494 352 549 Aug.
384 497 412 538 t.
441 497 484 543 1,
527 494 555 537 i.
584 508 617 538 e.
659 497 746 535 tam
785 498 882 536 ante
921 509 1049 548 qaam
1080 499 1181 550 post
1218 499 1393 538 mortem
1433 495 1531 538 Veri
1569 511 1609 538 a.
1641 499 1733 540 169.
1802 494 1964 538 Consul

239 562 513 617 designatur,
556 576 654 603 cum
693 569 805 604 esset
844 563 888 603 in
930 564 1157 619 provincia
1196 566 1224 608 t.
1255 567 1294 606 1.
1356 563 1518 606 Consul
1553 567 1580 606 t.
1612 567 1655 607 2.
1685 567 1724 614 3,
1765 563 1967 616 suffectus

240 645 279 674 a.
315 633 363 671 ut
399 629 564 671 videtur
593 633 675 672 170
717 628 842 682 (certe
878 645 964 673 non
993 632 1123 673 multo
1149 634 1266 686 post)
1298 632 1353 686 cf.
1384 631 1544 674 Renier
1564 646 1613 686 p.
1636 634 1732 675 125.
1795 630 1965 674 Sodalis

239 699 381 741 Titius
412 701 440 740 t.
470 701 510 740 4.
562 697 801 740 Proconsul
832 700 1082 755 provinciae
1112 699 1394 742 Macedoniae
1424 703 1452 742 t.
1473 703 1523 756 4.
1575 699 1813 742 Proconsul
1833 699 1966 742 Asiae

238 766 320 808 sub
352 766 587 810 Commodo
618 770 647 809 t.
670 771 696 809 6
729 767 786 819 (a.
811 770 936 810 185l6'
965 769 1189 811 secandam
1215 769 1583 812 ratiocinationem
1612 769 1965 825 Wadclinytonii).

238 860 296 865 —-
335 836 550 878 Incertam
596 838 741 878 utrum
789 835 857 878 hic
905 837 962 878 sit
1011 837 1268 892 Geminfius]
1314 841 1568 880 memoratus
1616 838 1663 880 in
1703 841 1731 879 t.
1774 836 1965 892 Phryyi‘o

239 903 706 958 Lebas-Waddinqton
732 907 851 946 1694.

153 972 236 1015 228
268 979 310 1014 c.
355 978 521 1013 IVLIVS
573 978 797 1015 GEMINVS
850 979 1195 1015 cAPE1.L1ANVs
1247 972 1324 1027 (sie
1364 974 1491 1029 plene
1540 974 1628 1016 ΙΙΙ
1662 976 1793 1017 3282.
1834 976 1968 1024 3486;

239 1039 288 1084 C.
328 1040 475 1082 Nunn.
514 1039 734 1097 Capellia.
754 1074 763 1083 .
782 1074 792 1084 .
833 1041 983 1083 lectam
1004 1031 1081 1084 ¹est
1118 1043 1165 1084 in
1202 1042 1324 1097 Dipl.
1365 1043 1453 1087 mil.
1484 1042 1578 1085 III
1597 1057 1645 1097 1).
1680 1045 1763 1084 884
1783 1043 1967 1097 pessime

238 1109 420 1163 script&
468 1109 631 1152 Gemus
667 1109 944 1166 Capellianus
991 1110 1179 1152 traditur
1218 1111 1307 1153 III
1338 1110 1463 1165 3419)
1510 1110 1678 1166 legatus
1717 1111 1968 1152 Pannoniae

238 1178 454 1220 inferioris
494 1179 607 1220 inter
646 1193 684 1222 a.
717 1179 799 1221 145
831 1185 874 1221 et
909 1180 991 1222 160
1032 1179 1134 1233 dipl.
1174 1179 1261 1223 mil.
1301 1179 1451 1222 XLII
1483 1177 1578 1231 (vol.
1609 1180 1697 1222 III
1718 1194 1766 1233 p.
1797 1182 1880 1221 884
1910 1180 1965 1232 cf.

239 1261 288 1300 ρ.
309 1249 434 1303 1058)
466 1249 494 1288 t.
525 1246 765 1290 Mursensis
795 1247 883 1290 III
902 1250 1041 1298 3282,
1073 1247 1359 1301 Aquincenses
1390 1247 1473 1290 cluo
1500 1248 1590 1290 III
1608 1251 1729 1290 3419.
1760 1250 1881 1290 3486.

152 1315 237 1358 229
265 1314 402 1357 Iulius
434 1314 617 1358 Genitor
643 1315 790 1358 rhetor
822 1316 1018 1368 Latinus,
1050 1316 1378 1358 commendatur
1407 1331 1434 1358 a
1462 1316 1604 1359 Plinio
1627 1316 1840 1359 Corelliae
1871 1316 1969 1358 His-

237 1383 381 1440 pullae
411 1383 530 1426 Plin.
563 1399 625 1438 ep.
655 1387 695 1435 3,
724 1387 764 1435 3,
795 1388 896 1427 4-7.
957 1384 1029 1427 Ad
1060 1400 1158 1427 eum
1189 1385 1316 1427 datae
1346 1384 1556 1442 epistulae
1585 1384 1707 1427 Plin.
1739 1399 1801 1440 ep.
1831 1388 1870 1435 3,
1902 1388 1968 1427 11.

239 1455 268 1494 7
267 1485 278 1503 ,
299 1456 367 1495 30.
398 1455 437 1503 9,
460 1455 527 1495 17.

153 1521 238 1564 230
266 1527 319 1565 Μ.
360 1527 525 1563 IVLIVS
572 1527 776 1563 GEsslvs
822 1527 1095 1564 BASSIANVS
1141 1521 1276 1564 frater
1312 1521 1511 1577 Arvalis,
1554 1538 1592 1565 a.
1635 1523 1719 1565 213
1763 1522 1971 1577 magister

239 1589 377 1632 factus
408 1590 453 1631 in
482 1605 522 1632 a.
544 1590 640 1645 214,
675 1605 713 1633 a.
744 1591 829 1632 214
857 1591 1066 1645 magister
1095 1594 1174 1633 act.
1206 1590 1312 1633 Arv.
1372 1591 1588 1633 Incertum
1628 1605 1712 1645 qua
1749 1590 1968 1646 parentela

240 1659 486 1700 coniunctus
526 1672 619 1701 cam
655 1658 806 1702 Gessio
842 1659 1093 1710 Marciano,
1125 1663 1257 1714 patre
1294 1659 1506 1702 Bassiani
1537 1658 1590 1712 (v.
1625 1673 1759 1714 supra
1796 1659 1837 1702 G
1856 1659 1968 1716 104).

236 1726 432 1781 Coqitari
471 1730 608 1781 potest
652 1728 701 1770 de
746 1728 839 1781 ipso
887 1727 963 1770 hoc
1007 1727 1246 1778 Bassiano,
1289 1729 1396 1779 sive,
1434 1731 1484 1771 nt
1517 1732 1670 1783 postea
1716 1728 1852 1771 dictas
1896 1732 1968 1775 est,

242 1795 308 1837 M.
339 1795 520 1838 Aurelio
549 1796 703 1840 Severo
731 1796 1002 1848 Aleoeandro,
1033 1797 1175 1839 Iuliae
1207 1798 1437 1840 Mamaeae
1467 1796 1581 1852 filio,
1621 1813 1875 1853 quamquam
1905 1798 1973 1840 hic

241 1867 408 1906 tenerae
437 1864 574 1907 adhue
604 1866 758 1907 aetatis
787 1868 881 1907 erat
909 1879 1021 1908 anno
1049 1868 1146 1910 214.

153 1933 233 1976 231
268 1939 434 1975 IVLIVS
474 1939 781 1989 GRAECINVS,
832 1935 998 1989 origine
1047 1934 1379 1990 Foroiuliensis,
1431 1936 1722 1992 procuratoris
1767 1935 1967 1978 Caesaris

238 2001 365 2056 filius,
397 2002 489 2057 ipse
520 2009 693 2044 senator
724 2003 822 2045 Tac.
844 2003 951 2057 ΑΨ.
979 2007 1007 2045 4
1037 2004 1145 2058 (‘vir
1174 2004 1392 2059 egregius'
1428 2003 1590 2047 Seneca
1619 2019 1680 2058 ep.
1712 2007 1783 2055 29,
1806 2007 1843 2054 6,
1876 2005 1966 2046 ben.

237 2072 309 2120 29,
330 2073 358 2112 5
386 2070 461 2112 sed
486 2085 572 2113 non
602 2070 652 2113 de
683 2071 861 2126 ordine).
911 2071 1023 2114 Cum
1044 2071 1099 2114 ab
1126 2073 1276 2114 amicis
1298 2072 1619 2115 conferentibus
1645 2072 1700 2114 ad
1729 2073 1966 2129 impensam

238 2138 441 2181 ludorum
471 2141 678 2196 pecunias
708 2141 924 2196 acciperet
954 2141 1153 2195 (praetor
1181 2141 1376 2195 fortasse,
1407 2145 1456 2183 at
1485 2142 1661 2183 coniecit
1686 2141 1965 2197 Hirschfeld),

239 2221 418 2263 magnas
458 2210 664 2264 pecunias
704 2224 731 2251 a
763 2209 901 2252 Fabio
931 2210 1106 2252 Persico
1144 2217 1187 2252 et
1216 2209 1368 2253 Rebilo
1400 2210 1497 2253 sibi·
1513 2210 1677 2253 oblatas
1722 2210 1970 2266 repudiavit

241 2276 402 2320 Seneca
434 2277 523 2319 ben.
559 2281 602 2328 2,
634 2281 704 2328 21,
735 2279 775 2320 5.
839 2277 881 2320 Α
921 2277 970 2321 C.
1012 2277 1197 2321 Caesare
1237 2279 1297 2322 M.
1339 2278 1534 2322 Silanum
1568 2294 1775 2321 accusare
1812 2279 1965 2333 iussus,

240 2346 346 2401 quia
374 2345 586 2388 abnuerat
626 2345 879 2388 interfectus
909 2352 974 2388 est
1008 2347 1106 2390 Tac.
1137 2347 1245 2402 ΑΨ.
1278 2347 1304 2389 l.
1337 2361 1370 2391 c.
1402 2348 1456 2401 cf.
1479 2347 1642 2390 Seneca
1664 2347 1691 2390 l.
1713 2361 1747 2392 e.
1796 2347 1967 2391 ‘Studio

241 2412 512 2470 eloquentiae
543 2415 865 2472 sapientiaeque
896 2421 1039 2458 notus’
1072 2416 1171 2459 Tac.
1204 2415 1231 2458 l.
1264 2430 1296 2459 e.
1347 2416 1526 2458 Dictum
1559 2418 1650 2459 eius
1678 2416 1732 2458 de
1764 2417 1968 2459 Aristone

241 2481 495 2539 philosopho
527 2483 688 2526 Seneca
718 2498 780 2538 ep.
810 2487 881 2535 29,
913 2487 951 2526 6.
1012 2483 1205 2541 Reliquit
1240 2484 1326 2527 duo
1358 2485 1580 2527 volumina
1609 2485 1663 2527 de
1693 2486 1849 2528 vitium
1880 2485 1969 2527 cult

242 2566 323 2593 ura
351 2551 476 2593 docte
517 2558 560 2594 et
598 2551 819 2607 eleganter
859 2554 1022 2609 scripta
1049 2552 1283 2596 Columella
1312 2557 1350 2604 1,
1384 2556 1422 2603 1,
1454 2557 1520 2596 14.
1578 2553 1749 2596 Citatar
1784 2569 1811 2596 a
1844 2553 1968 2596 Colu-

237 2619 365 2662 mella
391 2622 431 2671 3,
458 2623 502 2671 2,
532 2623 599 2663 31.
629 2624 669 2672 3,
699 2625 738 2665 4.
771 2616 808 2666 7.
841 2624 880 2664 9.
912 2625 978 2664 11.
1009 2625 1079 2673 12,
1111 2625 1150 2664 1.
1179 2626 1219 2673 4,
1249 2625 1288 2673 3,
1312 2626 1350 2665 1.
1371 2626 1410 2665 6.
1441 2625 1513 2674 28,
1540 2627 1583 2674 2,
1617 2637 1645 2665 a
1673 2622 1826 2665 Plinio
1854 2622 1894 2666 Ῑι.
1926 2637 1967 2665 n.

240 2692 305 2739 14,
324 2691 391 2731 33.
427 2692 493 2740 16,
515 2693 599 2733 241
630 2690 685 2744 cf.
715 2690 803 2732 incl.
834 2690 860 2732 l.
891 2690 972 2733 XI
976 2690 1116 2733 V—X
1124 2690 1251 2735 VIII.
1301 2690 1401 2734 Iulii
1422 2690 1556 2734 Attici
1582 2691 1704 2734 velut
1732 2690 1969 2748 discipulus

237 2756 396 2800 Colum.
418 2760 456 2808 1,
479 2760 518 2808 1,
539 2761 616 2810 14‚·
647 2757 898 2801 Cornelium
929 2758 1103 2801 Celsum
1134 2760 1431 2816 transscripsit
1459 2759 1578 2802 Plin.
1599 2760 1640 2802 h.
1661 2774 1702 2803 n.
1724 2763 1789 2810 14,
1811 2763 1876 2804 33.

156 2826 240 2868 232
269 2825 406 2868 Iulius
458 2826 727 2882 Granianus,
783 2826 930 2869 rhetor
972 2829 1110 2870 ‘cuius
1159 2827 1374 2884 hodieque
1423 2828 1689 2871 declamatae
1739 2828 1967 2881 femmam-²,

240 2895 448 2948 magister
478 2894 629 2939 Severi
660 2894 901 2938 Alexandri
929 2897 1001 2939 va.
1022 2896 1266 2939 Alexandri
1288 2900 1328 2948 3,
1350 2900 1390 2939 3.

157 2962 241 3005 233
270 2962 410 3005 Iulius
441 2962 616 3018 Gratus,
648 2967 890 3021 praefectus
920 2971 1160 3007 castrorum
1190 2967 1237 3007 in
1265 2966 1459 3008 exercitu
1483 2965 1728 3020 Vitelliano,
1762 2966 1968 3008 militibus

247 3037 472 3087 suspectus
502 3038 732 3089 propterea
761 3032 876 3089 quod
907 3032 1043 3076 frater
1073 3035 1164 3076 eius
1194 3034 1332 3076 Iulius
1362 3035 1525 3076 Fronto
1556 3034 1674 3090 apud
1700 3033 1969 3076 Othonianos

242 3098 466 3152 militabat,
499 3101 544 3142 in
570 3100 747 3143 vincula
777 3103 996 3145 coniectus
1027 3109 1092 3145 est
1125 3103 1224 3145 Tac.
1255 3103 1295 3145 h.
1327 3106 1371 3154 2,
1390 3106 1461 3146 26.

170 3191 228 3196 -
269 3167 321 3210 L.
342 3167 479 3210 Iulius
510 3169 674 3213 Gratus
703 3169 899 3212 Iulianus
928 3185 965 3213 v.
997 3171 1047 3213 L.
1068 3170 1207 3214 Iulius
1226 3171 1457 3226 Veh[il]ius
1488 3170 1681 3226 Gr[atus]
1710 3170 1915 3212 Iulianus.

157 3236 242 3278 234
270 3235 410 3278 Iulius
426 3237 690 3280 Haterianus
712 3238 943 3292 (atherian-
965 3239 1182 3294 traditur),
1201 3246 1352 3282 auctor
1368 3241 1524 3282 citatus
1547 3240 1642 3293 ΐν-ίρ.
1657 3241 1822 3292 tyr.6‚5
1834 3238 1967 3293 (fiet).

157 3304 241 3347 235
271 3303 319 3349 C.
351 3304 487 3347 Iulius
518 3305 730 3348 Helianus
761 3305 981 3362 (Ἡλιανός)
1011 3310 1040 3350 t.
1071 3307 1271 3362 Paphias
1296 3307 1485 3350 Journal
1514 3308 1566 3360 of
1587 3306 1682 3348 hell.
1713 3309 1764 3347 st.
1790 3309 1829 3356 9,
1860 3309 1971 3348 1888

246 3387 294 3427 p.
324 3375 427 3424 252,
469 3373 651 3417 fortasse
690 3374 857 3430 legatus
897 3376 1148 3431 provinciae
1187 3375 1322 3433 Cypri
1364 3374 1620 3432 proconsule
1653 3373 1704 3415 T.
1738 3373 1969 3416 Caesernio

246 3441 398 3485 Statio.
1625 3455 1695 3489 13*
