2202 3724
270 307 487 346 LICINIVS
1132 293 1215 335 282
1844 282 2063 321 LICINIVS

356 442 420 481 67.
445 440 508 478 77.
538 438 576 484 5,
598 436 662 476 50.
685 436 751 474 83.
772 432 884 486 132),
917 430 1073 487 quibus
1104 426 1268 470 rettulit
1297 424 1351 466 de
1379 418 1649 465 mirabilibus
1681 415 1908 473 praecipue
1934 414 2065 456 Asiae

356 504 490 557 (Ptin.
504 503 543 546 h.
561 517 600 545 n.
620 505 656 551 7,
673 504 737 550 36,
755 503 848 542 159.
874 503 938 549 16,
958 501 1054 542 213.
1079 500 1144 546 31,
1166 499 1232 538 19.
1253 497 1318 543 36,
1341 493 1449 547 131),
1480 489 1642 544 Lyciae
1663 483 1736 537 (ib.
1758 486 1826 532 12,
1849 486 1888 526 9.
1909 485 1973 531 13,
1995 484 2065 523 88.

354 576 423 622 21,
451 574 531 621 33),
564 570 716 625 Syriae
747 567 819 620 (ib.
852 570 890 617 5,
922 566 1037 620 128),
1074 563 1311 606 insularum
1347 558 1556 604 Graeciae
1586 553 1724 610 (Plin.
1754 552 1794 595 h.
1824 565 1864 594 n.
1895 553 1937 599 2,
1969 553 2064 593 231.

353 644 418 689 11,
450 641 542 681 167.
573 640 639 686 19,
670 639 740 679 12.
771 639 838 685 31,
869 638 934 677 16.
963 637 1029 684 34,
1059 635 1128 688 36)
1160 631 1318 687 partim
1359 627 1440 670 sibi
1478 625 1583 666 visis
1624 622 1697 677 (ib.
1727 623 1798 670 12,
1830 622 1868 661 9.
1899 620 1964 667 13,
1996 619 2064 658 88.

354 711 417 757 14,
439 709 505 750 54.
536 708 600 754 16,
622 708 722 748 213.
754 707 819 753 19,
842 702 928 757 12),
956 702 1059 744 item
1090 700 1144 742 de
1173 696 1433 741 animalibus
1464 694 1536 749 (ib.
1560 695 1597 742 7,
1618 693 1685 732 36.
1715 691 1754 739 8,
1777 691 1815 731 6.
1845 689 1943 730 201.
1969 687 2065 728 215.

355 779 392 824 9,
415 778 481 818 33.
511 776 578 816 80.
599 776 664 815 94.
692 775 790 815 182.
810 775 882 821 32,
905 770 990 824 62),
1023 769 1183 825 passim
1205 765 1388 809 adhibiti
1410 779 1435 805 a
1453 761 1596 804 Plinio
1617 759 1662 800 in
1681 756 1860 799 historia
1878 751 2067 796 naturali

354 843 471 884 Ptin.
502 841 589 883 ind.
621 840 648 881 l.
678 843 812 882 2-13.
845 842 910 883 16.
948 841 1013 880 19.
1049 840 1115 878 31.
1149 839 1217 878 33.
1248 836 1313 877 35.
1342 835 1397 875 36
1436 833 1475 872 et
1512 830 1559 871 in
1597 827 1788 869 contextu
1818 822 1983 877 passim
2012 820 2066 874 cf.

354 912 404 954 L.
436 910 592 952 Brunn
622 907 648 949 l.
681 921 714 949 6.
737 922 784 962 Ρ.
806 909 860 948 18
878 920 959 960 seq.
991 905 1092 960 (hos
1119 904 1250 946 libros
1277 901 1441 943 videtur
1470 895 1687 950 scripsisse
1718 895 1813 934 ante
1844 890 2069 944 Syriacam

356 979 610 1033 {cyationenu
635 977 689 1030 cf.
711 975 864 1017 Brunn
876 990 924 1029 Ρ.
941 976 1029 1030 26).
1066 974 1293 1015 Praeterea
1314 968 1487 1022 collegit
1507 971 1549 1007 et
1569 962 1705 1006 edidit
1724 966 1918 1002 actorum
1936 956 2068 999 libros

354 1047 529 1088 minime
560 1044 770 1098 undecim,
803 1042 1086 1099 epistularum
1111 1040 1287 1082 minime
1308 1044 1393 1080 tres
1421 1035 1517 1078 Tac.
1550 1031 1652 1075 dial.
1681 1033 1747 1073 37.
1770 1052 1829 1058 —
1857 1025 2067 1078 Mortuus,

355 1130 438 1171 quo
469 1121 661 1169 tempore
691 1111 906 1154 scribebat
931 1110 1097 1153 Plinius
1128 1108 1351 1151 historiam
1381 1101 1619 1146 naturalem
1647 1099 1704 1153 (a.
1726 1096 1798 1150 77)
1826 1094 1944 1138 Plin.
1965 1092 2005 1136 h.
2025 1105 2068 1134 n.

353 1186 422 1233 32,
445 1186 514 1225 62.

282 1277 339 1282 -Ν
383 1256 601 1293 LICINIVS
623 1254 836 1290 MVRENA
858 1247 962 1299 (Dio
977 1250 1042 1297 54,
1058 1249 1115 1303 3),
1131 1245 1377 1300 plerumque
1398 1241 1451 1284 A.
1469 1238 1698 1281 Terentius
1713 1235 1853 1278 Varro
1874 1230 2067 1283 Murena,

353 1320 429 1362 ubi
455 1318 558 1362 vide.
1840 1350 1842 1352 .

272 1389 352 1432 148
384 1386 450 1440 (C.
482 1386 678 1428 Licinius
690 1384 730 1439 P)
760 1385 964 1426 Murena:
996 1384 1084 1425 eius
1112 1385 1161 1423 ut
1188 1380 1352 1423 videtur
1382 1379 1535 1420 liberta
1563 1375 1736 1417 Licinia
1761 1371 1809 1415 C.
1831 1371 1859 1414 l.
1881 1367 2068 1424 Erot[is],

356 1454 534 1512 spaltria
563 1453 633 1508 [=
656 1452 847 1509 psaltria]
878 1451 1116 1506 Muren[ae]
1149 1455 1192 1492 et
1219 1450 1418 1491 ministra
1448 1447 1493 1487 in
1524 1441 1752 1499 f[amilia?]
1783 1439 1850 1483 VI
1862 1440 2012 1481 10138.

274 1525 351 1567 149
381 1523 576 1565 Licinius
605 1521 750 1577 Nepos
776 1520 1036 1563 declamator
1067 1519 1227 1562 Seneca
1257 1529 1369 1559 suas.
1391 1518 1433 1565 2,
1458 1516 1522 1563 16,
1556 1515 1686 1554 contr.
1717 1513 1756 1559 7,
1777 1510 1814 1558 5,
1837 1511 1902 1550 10.
1929 1511 1967 1557 6,
1989 1508 2071 1556 24,-

354 1595 393 1642 9,
415 1595 457 1641 2,
480 1592 562 1641 28,-
591 1593 657 1639 10,
682 1593 720 1639 4,
742 1593 817 1633 22.
848 1593 886 1639 5,
908 1592 978 1632 24.

273 1661 352 1702 150
382 1664 600 1700 LICINIVS
622 1663 781 1698 NEPOS
804 1663 976 1712 praetor
998 1656 1055 1711 (a.
1076 1658 1156 1698 105
1179 1655 1231 1709 cf.
1255 1653 1492 1696 Mommsen
1514 1650 1659 1693 Herm.
1679 1650 1707 1689 3
1727 1661 1775 1701 Ρ,
1796 1647 1880 1702 44),
1912 1658 2011 1686 acer
2032 1649 2074 1685 et

356 1727 500 1780 fortis,
539 1725 718 1767 multam
757 1724 862 1766 dicit
901 1724 1031 1766 iudici
1063 1723 1266 1766 senatorii
1302 1721 1464 1763 ordinis
1495 1717 1679 1761 cessanti
1710 1715 1830 1757 Ptin.
1857 1727 1918 1768 6Ρ.
1939 1715 1978 1761 4,
2000 1714 2071 1765 29,

356 1795 485 1837 edicit
519 1793 572 1835 de
607 1794 807 1849 praemiis
838 1792 1146 1834 advocatorum
1175 1792 1232 1833 ib.
1263 1793 1302 1840 5,
1335 1793 1373 1839 9,
1406 1789 1497 1843 agit
1526 1787 1572 1828 in
1606 1790 1757 1827 senatu
1792 1782 1846 1824 de
1880 1779 2072 1823 Tuscilio

356 1863 584 1905 Nominato
616 1862 691 1918 qui
722 1876 895 1903 causam
916 1861 1214 1903 Vicetinorum
1240 1862 1487 1914 susceperat
1508 1860 1550 1897 et
1569 1853 1752 1910 pecunia
1775 1855 1955 1906 accepta
1977 1846 2073 1890 reli-

357 1937 510 1987 querat
524 1930 580 1972 ib.
598 1934 637 1979 5,
653 1933 692 1973 4.
711 1932 773 1972 13.
806 1929 952 1972 Verba
973 1929 1078 1971 facit
1098 1930 1142 1970 in
1164 1934 1315 1969 senatu
1335 1926 1389 1968 de
1409 1925 1579 1967 Vareno
1602 1920 1715 1964 Rufo
1736 1916 2072 1976 repetundarum

357 2013 442 2053 reo,
475 2012 584 2054 quae
618 1995 753 2039 oratio
784 1998 876 2039 eius
906 1997 1052 2039 multis
1083 1996 1323 2053 displicuit3
1355 1993 1588 2036 altercatur
1608 2004 1705 2032 cum
1726 1987 1926 2031 Iuventio
1948 1983 2073 2027 Celso

356 2073 554 2124 praetore
583 2066 639 2108 ib.
664 2069 700 2115 6,
722 2068 760 2110 5.

275 2137 351 2179 151
386 2142 438 2178 Μ.
468 2140 688 2176 LICINIVS
717 2140 876 2176 NEPOS
907 2133 1042 2175 frater
1070 2132 1244 2176 Arvalis
1275 2147 1312 2174 a.
1339 2131 1419 2174 139
1452 2133 1531 2173 act.
1552 2128 1656 2170 Arv.

274 2205 355 2246 152
387 2209 429 2254 Q.
476 2208 693 2244 LICINIVS
741 2208 900 2244 NEPOS
951 2202 1085 2244 frater
1129 2200 1302 2244 Arvalis
1348 2199 1427 2242 sub
1471 2195 1706 2241 Commodo
1752 2200 1795 2236 et
1833 2192 2072 2239 Pertinace,

355 2272 558 2325 magister
587 2269 755 2325 collegii
782 2286 819 2313 a.
845 2271 937 2325 183,
969 2276 1232 2312 memoratur
1261 2275 1488 2326 praeterea
1513 2267 1625 2308 inter
1645 2261 1828 2307 Arvales
1858 2276 1896 2305 a.
1919 2260 2001 2304 186
2032 2266 2076 2302 et

356 2353 468 2381 anno
493 2339 656 2380 incerto
686 2345 923 2395 temporum
946 2338 1171 2381 Commodi
1193 2344 1234 2380 et
1255 2353 1292 2380 a.
1317 2338 1398 2380 193
1422 2340 1501 2380 act.
1522 2336 1626 2379 Arv.
1649 2335 1744 2391 (VI
1755 2327 2073 2382 2099—2102).

275 2407 355 2450 153
386 2414 432 2448 A.
455 2413 673 2448 LICINIVS
694 2413 867 2448 NERVA
890 2413 1117 2449 SILIANVS
1149 2421 1234 2449 eos.
1261 2405 1350 2450 ord.
1380 2421 1419 2448 a.
1441 2421 1481 2462 p.
1503 2404 1553 2447 C.
1575 2404 1614 2447 7.
1666 2403 1740 2447 Sic
1760 2403 1887 2459 plene
1915 2400 2077 2445 nummi

357 2475 479 2529 infra
508 2476 640 2525 citati,
674 2475 773 2517 Vell.
795 2478 839 2525 2,
861 2478 953 2525 116,
984 2476 1083 2517 item
1109 2476 1156 2517 in
1185 2475 1405 2518 consulatu
1434 2474 1542 2528 fasti
1567 2472 1686 2528 Cap„
1717 2472 1915 2515 similiter
1943 2469 2074 2517 Αὖλος

358 2543 544 2590 Λικίννιος
584 2542 758 2600 Οὐέρνας
798 2544 962 2590 Σιλανός
991 2543 1148 2586 Dionis
1187 2543 1271 2585 ind.
1302 2546 1367 2594 55,
1409 2544 1574 2589 Λικίνιος
1603 2541 1768 2589 Σιλανός
1795 2541 1884 2584 Dio
1912 2544 1978 2592 55,
2005 2543 2070 2591 30,

356 2610 408 2652 A.
432 2611 625 2652 Licinius
650 2610 690 2652 N
708 2643 717 2652 .
736 2643 745 2653 .
763 2643 772 2653 .
791 2644 800 2652 .
832 2611 972 2666 tegula
1006 2612 1203 2665 Tifernus
1230 2611 1343 2654 CIL.
1373 2612 1407 2653 I
1421 2626 1468 2666 Ρ.
1490 2613 1592 2661 202,
1623 2610 1677 2653 A.
1698 2610 1928 2664 Lic(inius)
1957 2608 2070 2652 CIL.

356 2678 390 2720 I
409 2681 498 2729 756,
535 2678 588 2720 A.
619 2678 814 2720 Linicius
854 2679 947 2735 (sic)
984 2679 1245 2729 Oassiodow,
1285 2679 1432 2721 Nerva
1469 2679 1623 2733 reliqui
1659 2681 1779 2721 testes
1819 2676 2073 2720 consulatus.

358 2746 412 2788 A.
434 2746 476 2800 f.,
508 2745 561 2788 A.
585 2761 626 2790 n.
647 2746 755 2799 fasti
780 2746 898 2801 Gap„
930 2747 1088 2789 scilicet
1106 2762 1190 2802 per
1220 2748 1484 2801 adoptionem
1493 2760 1507 2798 ;
1535 2761 1628 2789 vere
1657 2747 1742 2800 fuit
1763 2746 1811 2788 P.
1835 2745 1930 2789 Silii
1958 2745 2072 2788 filius

361 2814 462 2856 Vell.
484 2816 526 2864 2,
549 2817 641 2864 116,
672 2828 816 2869 nempe
846 2814 896 2858 P.
925 2815 1029 2858 Silii
1054 2815 1220 2858 Nervae
1251 2815 1431 2858 consulis
1462 2829 1501 2859 a.
1523 2829 1565 2857 u.
1585 2829 1619 2857 6.
1641 2817 1730 2857 734.
1781 2813 1914 2857 Pater
1943 2813 2072 2869 adop-

356 2882 464 2924 tivus
493 2882 685 2935 fortasse
703 2883 789 2936 fuit
816 2882 872 2924 A.
904 2883 1097 2926 Licinius
1128 2883 1273 2926 Nerva
1312 2884 1506 2926 triumvir
1534 2883 1755 2926 monetalis
1783 2883 1859 2925 sub
1889 2881 2072 2926 Caesare

358 2949 561 2992 dictatore
585 2950 839 3005 (Mommsen
867 2956 970 2993 ro‘m.
995 2952 1179 2994 Munew.
1202 2967 1250 3006 Ρ.
1274 2954 1382 3008 651).
1402 2976 1458 2981 —-
1478 2953 1702 2994 Triumvir
1730 2949 1955 2994 monetalis
1985 2964 2072 2992 non

357 3023 456 3060 ante
485 3032 523 3062 a.
552 3018 646 3073 742,
678 3018 753 3060 sed
784 3033 863 3060 nec
892 3019 1025 3061 multo
1055 3026 1202 3075 postea
1231 3021 1303 3075 (cf.
1326 3019 1561 3062 Mommsen
1587 3025 1690 3063 rom.
1714 3020 1900 3062 Mamm.
1922 3033 1971 3074 Ρ.
1993 3021 2073 3061 744

357 3089 439 3128 not.
471 3088 540 3142 15)
570 3087 732 3128 nummi
761 3101 829 3141 ap.
858 3086 997 3130 Gohen
1026 3087 1086 3130 ed.
1113 3091 1145 3131 2
1172 3088 1251 3131 vol.
1273 3089 1307 3131 I
1327 3088 1545 3143 Auyustus
1573 3103 1615 3131 n.
1635 3091 1728 3132 437.
1789 3086 1950 3130 Consul
1980 3085 2070 3129 ord.

358 3168 395 3196 a.
421 3168 463 3210 p.
495 3153 543 3196 C.
577 3154 600 3196 7
642 3169 739 3197 cum
776 3154 829 3207 Q.
862 3154 1049 3198 Caecilio
1080 3155 1253 3198 Metello
1284 3156 1454 3199 Cretico
1486 3156 1632 3199 Silano
1663 3156 1782 3210 fasti.
1837 3155 2073 3198 Immatura

357 3227 493 3263 morte
536 3221 704 3277 [mortis
745 3223 1012 3274 vocabulum,
1057 3224 1167 3278 quod
1204 3225 1379 3275 excidit,
1423 3228 1532 3267 recte
1573 3227 1622 3266 ut
1661 3223 1828 3266 videtur
1869 3223 2075 3278 supplevit

362 3289 564 3345 Orellius]
594 3290 836 3346 prohibitus
864 3299 927 3333 est
949 3291 1110 3334 diutius
1131 3294 1319 3335 amicitia
1339 3292 1524 3348 Augusti
1556 3293 1641 3335 frui
1673 3298 1715 3334 et
1740 3291 1923 3347 gloriam
1952 3290 2072 3334 belli-

357 3372 451 3399 cam
480 3360 634 3401 mereri
665 3359 728 3415 (id
753 3359 916 3402 videtur
945 3360 1258 3414 intelliyendum
1288 3361 1388 3415 63369
1419 3361 1519 3403 Vell.
1539 3364 1582 3411 2,
1604 3363 1697 3403 116.
1718 3385 1775 3391 —
1803 3359 1904 3402 Non
1931 3359 2070 3410 huius,
