2190 3724
142 272 358 310 FLAVTVS
1022 267 1077 310 73
1747 272 1961 310 FLAvivs

230 405 377 448 tonino
407 404 536 459 Aug.,
568 411 761 462 praetor,
797 404 966 461 legatus
996 403 1180 459 legionis
1211 410 1360 447 sextae
1391 405 1610 459 Ferratae,
1646 404 1887 448 ‘ordinatus
1919 407 1963 447 in

231 473 375 518 Gallia
395 480 440 515 at
460 474 651 530 quinque
671 472 824 516 fasces'
849 473 896 526 (i.
918 487 952 516 e.
974 473 1137 528 leyatus
1151 473 1338 528 Augusti
1358 477 1480 516 extra
1501 473 1690 516 ordinem
1706 474 1752 516 in
1771 474 1964 517 Galliam

229 542 403 592 missus,
445 541 500 595 cf.
533 542 769 584 Mommsen
800 542 890 597 eph.
923 556 984 596 (p.
1008 546 1032 583 1
1055 556 1102 596 p.
1125 544 1241 597 129),
1282 541 1528 598 praefectus
1569 543 1724 584 aerarii
1763 542 1964 585 militaris

229 614 258 652 t.
289 614 328 652 1.
387 610 602 652 Patronus
632 617 837 667 quattuor
865 610 1131 652 coloniarum
1161 609 1427 653 Cirtensium
1457 614 1485 653 t.
1509 614 1548 653 1.
1610 611 1823 654 Patronus
1850 611 1962 654 Min-

229 680 500 722 turnensium
531 682 560 721 t.
581 683 625 721 2.

143 749 229 792 224
258 747 437 790 Flavius
477 746 712 801 Proculus,
755 761 886 803 eques
925 748 1166 802 Romanus,
1209 747 1326 804 apud
1366 747 1600 790 Claudium
1643 748 1875 792 Caesarem
1919 751 1962 791 in

231 831 414 858 censura
444 817 536 858 eius
568 815 909 872 quadringentos
940 830 1036 858 reos
1065 815 1322 872 postulavit,
1361 817 1480 873 quod
1516 824 1768 860 ornamenta
1798 817 1962 859 ordinis

230 885 439 942 equestris
469 890 751 941 usurpassent
780 883 902 926 Ptin.
929 883 969 926 h.
990 898 1033 926 η.
1059 887 1125 935 33,
1146 887 1213 927 33.

141 955 226 998 225
257 953 435 996 Flavius
461 952 697 995 Proculus:
729 953 985 1009 rescriptum
1013 952 1105 995 divi
1126 953 1341 995 Hadriani
1363 953 1416 996 ad
1439 968 1537 996 eum
1558 953 1661 1009 Dv’y.
1682 958 1750 1005 49,
1773 957 1838 1005 14,
1859 958 1898 1005 3,
1923 958 1959 997 7.

228 1018 517 1077 Mayistratus
547 1021 702 1075 aliquis
730 1020 794 1064 vel
823 1021 1026 1075 officialis
1056 1019 1366 1079 (procurator).

143 1092 228 1134 226
258 1097 300 1133 Ρ.
331 1091 585 1145 FL(AVIVS)
616 1095 814 1132 PVDENS
846 1095 1202 1132 POMPONIANVS
1245 1092 1368 1146 signo
1398 1091 1659 1146 Vocontius,
1698 1091 1961 1134 clarissimus

227 1160 317 1213 vir⁷
375 1172 479 1213 erga
528 1159 662 1200 civeis
711 1159 986 1215 patriamque
1034 1158 1204 1215 prolixe
1250 1159 1390 1202 cultor
1439 1161 1654 1202 exercitiis
1703 1160 1962 1202 militaribus

229 1228 406 1270 effectus
418 1227 489 1282 (P),
511 1226 794 1269 multifariam
813 1226 1038 1283 loquentes
1062 1227 1226 1270 litteras
1247 1227 1470 1284 amplians,
1503 1228 1693 1270 Atticam
1714 1228 1962 1271 facundiam

223 1296 472 1353 adaequans
511 1297 703 1338 Romano
744 1296 875 1338 nitori
913 1295 1062 1337 titulus
1092 1296 1262 1350 positus
1301 1311 1329 1338 α
1373 1297 1797 1351 Tlaamuyadmsibus
1837 1297 1963 1339 VIII

224 1368 338 1408 2391
369 1365 424 1419 cf.
445 1364 558 1419 th.
590 1378 653 1419 ep.
675 1367 704 1406 7
723 1378 772 1418 p.
792 1366 878 1407 239
906 1378 950 1406 n.
973 1367 1066 1406 745.
1110 1364 1232 1406 Idem
1253 1364 1433 1407 Flavius
1453 1366 1776 1422 Pomponianus
1807 1366 1961 1408 citatus

226 1449 253 1476 a
277 1433 475 1476 Charisio
494 1447 544 1487 p.
566 1435 658 1483 145,
679 1436 738 1476 29
768 1432 830 1475 ed.
854 1432 971 1484 Keil,
1002 1433 1057 1486 cf.
1088 1432 1323 1476 Buecheler
1341 1447 1446 1476 mus.
1469 1433 1605 1476 Rhea.
1627 1437 1687 1477 42
1708 1448 1756 1488 p.
1777 1436 1860 1475 473
1889 1434 1962 1486 qui

227 1516 320 1544 eum
345 1515 572 1557 supparem
592 1505 725 1556 putat
753 1501 868 1544 Iulio
898 1501 1108 1544 Romano.

141 1571 224 1614 227
257 1603 267 1613 .
285 1604 296 1613 .
327 1569 546 1627 [Fl]avius
577 1570 829 1623 Quadratus
859 1569 1114 1626 Laet[ianus
1124 1569 1167 1626 5³]
1207 1569 1490 1628 [pr]aefectus
1532 1571 1721 1613 cohortis
1752 1571 1774 1613 I
1805 1603 1930 1614 .....
1948 1603 1958 1625 ,

229 1638 531 1696 [procurator‘P
562 1637 830 1696 pro]vinciae
859 1638 1158 1695 Ting[itanae]
1190 1639 1314 1682 VIII
1338 1639 1385 1683 S.
1408 1643 1555 1686 11176.

141 1709 224 1752 228
254 1714 468 1750 FLAVIVS
500 1714 787 1749 RESPECTVS
818 1714 993 1764 praetor
1023 1708 1309 1765 (temporibus
1346 1708 1547 1763 Traiani,
1590 1708 1806 1751 consuluit
1847 1709 1960 1749 enim

226 1777 475 1819 Iuventium
503 1775 697 1831 Celsum)
727 1775 831 1831 Diy.
852 1780 892 1827 4,
912 1780 952 1827 4,
973 1779 1014 1827 3,
1036 1780 1074 1819 1.

140 1846 225 1889 229
255 1852 307 1887 Μ.
339 1851 553 1887 FLAVIVS
585 1851 842 1887 SABARRVS
874 1844 1128 1902 VET[T1VS]
1159 1852 1399 1901 SEVERVS,
1431 1847 1492 1892 M.
1518 1846 1560 1902 f.,
1596 1845 1857 1889 clarissimus
1878 1846 1957 1899 vir,

226 1913 457 1970 proconsul
488 1914 740 1971 provinciae
767 1913 946 1956 Africae
975 1914 1099 1956 VIII
1120 1917 1241 1958 1639.

139 1984 225 2031 230
252 1983 431 2025 Flavius
474 1981 686 2033 Sabinus,
735 1989 860 2039 pater
902 1983 1161 2039 Vespasiani
1211 1985 1337 2041 imp-3
1382 1985 1472 2039 egit
1516 1982 1739 2040 publicum
1778 1981 1960 2039 quadra-

224 2052 415 2106 gesimae
444 2052 490 2093 in
518 2051 650 2105 Asia3
690 2058 842 2108 postea
882 2051 1007 2094 fenus
1043 2051 1162 2109 apud
1189 2052 1414 2095 Helvetios
1444 2053 1641 2094 exercuit
1669 2051 1816 2108 ibique
1847 2050 1960 2092 diem

227 2120 333 2163 obiit
361 2120 479 2164 Suet.
515 2120 634 2174 Vesp.
665 2114 723 2162 1.'
763 2120 890 2163 Uxor
918 2121 1131 2177 Vespasia
1166 2120 1289 2163 Polla
1318 2122 1374 2164 ib.
1406 2135 1440 2164 c.
1471 2125 1538 2163 11.
1597 2120 1757 2169 Liberi,
1789 2126 1961 2176 praeter

227 2188 437 2232 Sabinum
468 2195 511 2231 et
538 2189 856 2245 Vespasianum
885 2189 1032 2246 puella
1062 2205 1173 2246 quae
1203 2205 1291 2232 non
1324 2190 1581 2247 perennavit
1609 2190 1667 2231 ib.
1694 2202 1727 2231 c.
1746 2191 1787 2231 5.

139 2258 218 2300 231
253 2263 466 2299 FLAVIVS
496 2263 719 2299 SABINVS.
777 2256 1086 2312 Fraymentum
1117 2259 1232 2300 titula·
1259 2273 1348 2313 rep.
1380 2260 1426 2301 iro
1454 2260 1550 2312 foro
1579 2258 1775 2300 Roma-no
1788 2291 1798 2307 ,
1837 2256 1960 2298 undi-

225 2340 302 2380 que
340 2325 554 2376 mutilum,
591 2326 832 2368 coniectura
871 2330 1038 2369 tantum
1076 2327 1135 2369 ad
1173 2342 1265 2369 eum
1303 2327 1507 2369 relatum:
1545 2327 1665 2369 Bull.
1702 2324 1962 2368 communale

226 2397 336 2437 1883
355 2409 404 2449 p.
425 2398 526 2438 224.
584 2393 722 2436 Filius
752 2394 896 2437 Flavii
927 2395 1077 2439 Sabini
1108 2402 1152 2438 et
1180 2396 1418 2453 Vespasiae
1447 2395 1608 2450 Pollae,
1640 2394 1776 2437 frater
1794 2394 1958 2449 Vespa-

229 2464 339 2506 siani
365 2464 514 2518 maior,
546 2469 673 2505 natus
694 2464 828 2518 igitur
847 2479 935 2506 non
956 2471 1053 2521 post
1073 2479 1233 2507 annum
1255 2480 1296 2521 p.
1320 2464 1368 2508 C.
1390 2466 1416 2507 8
1441 2464 1558 2508 Suet.
1584 2464 1702 2518 Vesp.
1725 2467 1762 2510 1.
1807 2463 1959 2515 ‘Quin-

229 2547 314 2589 que
339 2539 382 2575 et
407 2533 586 2587 triginta
607 2531 823 2588 stipendia
847 2534 891 2574 in
914 2547 960 2575 re
980 2532 1158 2589 publica
1176 2532 1369 2588 fecerat',
1399 2548 1498 2575 cum
1524 2539 1720 2574 mortuus
1750 2538 1816 2573 est
1844 2546 1882 2573 a.
1905 2531 1960 2572 69

235 2601 334 2643 Tac.
364 2600 461 2644 hist.
490 2603 530 2651 3,
563 2603 628 2651 75,
669 2601 831 2657 primos
874 2602 1010 2656 igitur
1051 2601 1236 2644 honores
1276 2601 1449 2644 videtur
1492 2603 1657 2658 cepisse
1696 2616 1735 2643 a.
1771 2601 1839 2642 34.
1908 2599 1960 2641 In

228 2669 455 2712 Britannia
494 2669 575 2711 sub
614 2668 749 2712 fratre
779 2669 920 2725 legato
951 2669 1133 2725 legionis
1163 2685 1263 2713 cum
1291 2670 1414 2712 hoste
1446 2669 1642 2712 conflixit
1670 2669 1758 2711 Dio
1789 2671 1855 2717 60,
1886 2671 1957 2711 20.

227 2738 419 2793 Legatus
448 2737 636 2780 Moesiae
665 2752 744 2794 per
773 2753 909 2780 annos
939 2746 1102 2796 septem
1140 2739 1238 2782 Tae.
1269 2739 1367 2781 hist.
1391 2742 1431 2789 3,
1458 2742 1510 2781 75
1540 2739 1594 2792 cf.
1628 2738 1691 2780 tit.
1751 2736 1959 2792 [Curator

227 2805 431 2862 census?]
463 2805 623 2849 Gallici
664 2807 728 2848 tit.
796 2807 912 2849 Nero
953 2822 1052 2850 eum
1092 2807 1190 2850 urbi
1229 2809 1436 2864 praefecit
1471 2807 1570 2849 Tac.
1606 2806 1703 2848 hist.
1736 2809 1774 2856 1,
1804 2808 1871 2854 46,
1914 2805 1957 2845 in

227 2874 447 2917 locuva.
478 2873 644 2918 Volusii
674 2875 868 2918 defuncti
895 2891 934 2918 a.
956 2877 1012 2919 56
1043 2875 1168 2928 (Ptin
1195 2876 1237 2919 h.
1267 2891 1309 2918 rt.
1333 2880 1370 2926 7,
1393 2880 1458 2926 14,
1482 2879 1562 2926 62;
1595 2875 1692 2917 Tac.
1725 2889 1764 2915 a.
1787 2876 1852 2923 13,
1871 2876 1956 2927 30),

229 2943 414 2986 obtinuit
444 2944 558 2985 enim
580 2943 897 3000 praefecturam
917 2946 1043 2987 annis
1063 2944 1291 2987 duodecim
1319 2945 1416 2987 Tac.
1437 2944 1534 2986 hist.
1555 2947 1595 2994 3,
1619 2947 1646 2985 7
1644 2946 1683 2993 5,
1715 2957 1794 2984 nec
1816 2948 1958 2983 tamen

228 3012 321 3053 sine
362 3013 697 3067 intermissione,
740 3027 839 3055 cum
878 3012 916 3055 a.
946 3015 998 3055 61
1044 3014 1090 3055 in
1126 3012 1402 3069 praefectura
1442 3013 1608 3054 occisus
1648 3012 1705 3053 sit
1739 3009 1957 3052 Pedanius

228 3079 454 3123 Secundus
490 3080 588 3123 Tac.
611 3095 650 3123 a.
671 3085 737 3132 14,
757 3084 828 3124 42.
876 3079 1152 3136 (Boryhesius
1173 3095 1276 3136 opp.
1296 3085 1324 3123 3
1343 3096 1393 3136 p.
1413 3084 1511 3131 327,
1542 3083 1712 3122 refutans
1740 3091 1957 3120 nmnerum

229 3147 456 3190 duodecim
486 3149 603 3203 apud
633 3150 731 3192 Tac.
762 3149 858 3191 hist.
888 3152 928 3200 3,
964 3153 1015 3192 75
1045 3151 1090 3192 in
1119 3150 1298 3192 totidem
1326 3150 1390 3192 vel
1418 3150 1465 3192 m
1494 3150 1593 3203 VII,
1625 3148 1672 3190 F
1675 3147 1831 3189 larium
1862 3159 1957 3186 eon-

226 3217 326 3258 iecit
362 3216 494 3270 sitisse
531 3231 807 3260 successorem
839 3217 1053 3270 Pedanir').
1114 3218 1454 3275 Vespasianum,
1503 3218 1572 3259 cui
1617 3216 1869 3258 auctoritate
1914 3219 1957 3254 et

228 3286 412 3341 pecunia
451 3286 648 3342 superior
687 3293 790 3341 erat,
832 3286 1012 3329 adiuvat
1046 3286 1173 3329 domo
1203 3289 1405 3343 agrisque
1434 3286 1605 3342 pignori
1634 3283 1820 3339 acceptis
1857 3281 1955 3323 Tae.

225 3353 324 3396 hist.
353 3356 393 3404 3,
423 3356 477 3396 65
485 3367 501 3405 ‚·
529 3354 646 3397 Suet.
679 3354 796 3409 Vasp.
821 3357 862 3397 4.
925 3354 1206 3398 Praefectura
1243 3354 1388 3398 ablata
1426 3355 1464 3396 ei
1499 3370 1525 3396 a
1556 3351 1718 3406 Galba,
1760 3348 1956 3392 redditur
