2202 3724
257 294 539 330 LOLLIANVS
1112 285 1196 327 294
1771 263 2053 329 LOLLIAN‘VS

343 425 550 465 Pertinax
590 423 935 464 centurionatum
970 421 1218 476 impetravit
1259 421 1330 462 vit.
1373 421 1487 463 Pert.
1528 425 1567 463 1.
1640 422 1772 464 Pater
1809 426 1856 464 ut
1894 422 2057 465 videtur

342 493 393 533 L.
425 491 557 533 Hedii
585 491 689 543 Rufi
719 489 910 531 Lolliani
942 489 1064 530 Aviti
1093 487 1240 542 (supra
1269 488 1324 530 H
1335 488 1408 537 26)
1440 492 1479 531 et
1504 490 1551 542 Q.
1574 490 1707 532 Hedii
1734 491 1839 545 Rufi
1866 490 2059 533 Lolliani

346 558 552 601 Gentiani
577 556 649 609 (H
669 560 763 613 27&
792 558 839 599 in
867 557 971 598 vivis
1002 558 1127 598 etiam
1159 570 1197 600 a.
1229 559 1310 598 170
1341 560 1379 598 et
1407 560 1500 607 171,
1532 571 1611 610 quo
1646 561 1828 612 tempore
1856 558 1940 613 filii
1969 558 2057 600 eius

342 626 443 668 salii
472 625 669 667 Palatini
706 626 815 678 faeti
847 627 955 667 sunt.
1026 624 1202 667 Uxorem
1242 624 1489 666 crediderim
1527 625 1658 679 fuisse
1697 625 1833 680 filiam
1877 626 2059 668 Terentii

341 693 544 736 Gentiani
573 693 753 735 consulis
783 693 858 734 sub
888 692 1076 734 Traiano
1106 692 1170 734 vel
1199 692 1429 734 Hadriano
1463 693 1534 747 (ef.
1566 694 1654 736 III
1669 696 1805 750 1463),
1828 697 2059 748 propterea

341 761 452 815 quod
478 775 528 803 ex
555 761 658 815 filiis
696 761 804 802 alter
838 761 1079 814 ooynomine
1105 759 1312 802 Gentiani
1348 761 1565 811 utebatur,
1607 776 1657 804 ew
1695 763 1912 817 nepotibus
1949 775 2059 804 unus

348 829 562 871 Terentius
590 828 825 870 Gentianus
857 828 1165 882 appellabatur.
1224 827 1290 881 Cf.
1321 831 1496 871 stemma
1523 830 1763 874 subiectum.

677 940 720 976 L.
748 940 947 976 Lollianus
970 938 1110 976 Avitus
1159 939 1360 975 Terentius
1386 940 1600 977 Gentianus

693 998 764 1021 eos.
790 996 823 1021 a.
843 987 909 1021 114
935 989 982 1028 (n.
998 987 1085 1030 221)
1375 986 1382 1075 ι

677 1076 721 1112 L.
746 1076 944 1112 Lollianus
972 1074 1113 1112 Avitus
1169 1094 1300 1112 V
1362 1088 1384 1110 x

693 1134 765 1158 eos.
790 1133 822 1157 a.
842 1123 907 1158 144
933 1125 981 1165 (n.
1000 1124 1087 1165 222)
1235 1123 1240 1175 Ι

492 1199 535 1260 fi.
560 1224 707 1260 Hedius
731 1224 856 1260 Rufus
880 1224 1077 1260 Lollianus
1171 1224 1214 1266 Q.
1240 1223 1387 1260 Hedius
1410 1224 1533 1260 Rufus
1558 1224 1756 1261 Lollianus
1789 1250 1831 1261 v
1863 1238 1886 1260 x

724 1269 864 1306 Avitus
1362 1270 1575 1307 Gentianus

599 1316 664 1352 sal.
690 1315 774 1351 Pal.
802 1316 979 1352 170—178

298 1418 458 1454 Claudia
476 1418 600 1454 Sestia
613 1442 656 1453 ψ
671 1418 714 1460 Q.
738 1418 935 1453 Lollianus
960 1417 1133 1452 Plautius
1179 1420 1194 1450 ‘2
1231 1417 1433 1453 Terentius
1450 1418 1664 1454 Gentianus
1701 1418 1882 1454 Terentia
1897 1418 2060 1454 Flavola

258 1464 415 1500 Cocceia
423 1463 630 1500 Severiana
751 1463 891 1499 Avitus
911 1467 957 1506 (n.
977 1464 1063 1507 224)
1342 1475 1415 1499 coe.
1441 1475 1474 1499 a.
1492 1465 1556 1499 211
1730 1464 1838 1510 virgo
1854 1464 2021 1501 Vestalis

390 1555 570 1591 Lolliana
584 1554 739 1589 Plautia
757 1553 881 1589 Sestia
985 1553 1179 1590 Lollianus
1197 1554 1412 1590 Gentianus
1800 1509 1959 1544 maXima
1988 1526 1990 1528 v

463 1600 628 1636 Servilla
655 1601 704 1644 (n.
721 1602 805 1642 217)
1121 1603 1168 1641 (n.
1183 1601 1268 1644 223)

271 1730 328 1734 -
370 1711 414 1747 L.
446 1710 631 1746 HEDIVS
662 1709 823 1745 RVFVS
854 1709 1136 1745 LOLLIANVS
1167 1709 1361 1746 AVITVS.

258 1783 340 1825 223
370 1788 650 1824 LOLLIANVS
665 1787 949 1822 GENTIANVS
966 1780 1079 1823 filius
1090 1780 1236 1823 fratris
1247 1782 1439 1823 Terentii
1451 1782 1655 1826 Gentiani
1667 1781 1865 1834 (consulis
1877 1797 1917 1828 a.
1929 1783 2060 1840 2119)

345 1857 388 1892 et
417 1850 646 1892 Terentiae
676 1848 880 1891 Flavolae
911 1850 1091 1903 virginis
1123 1849 1311 1892 Vestalis
1342 1851 1554 1892 maximae
1585 1850 1653 1893 VI
1666 1854 1787 1893 2144.

271 1954 328 1958 —
373 1935 415 1979 Q.
446 1934 632 1970 HEDIVS
663 1934 822 1970 RVFVS
853 1934 1135 1970 LOLLIANVS
1168 1934 1465 1973 GENTIANVS.

258 2009 342 2051 224
373 2015 415 2059 Q.
437 2014 720 2049 LOLLIANVS
751 2014 991 2050 PLAVTIVS
1013 2014 1191 2050 AvlTvs
1225 2009 1328 2063 (pro
1349 2008 1535 2051 Lollian-
1559 2009 1670 2063 lapis
1690 2009 1927 2066 Lolllian-),
1955 2011 2009 2064 Q.
2030 2011 2060 2054 f.

345 2076 476 2131 (filius
506 2079 612 2130 puto
639 2077 686 2129 Q.
719 2076 850 2118 Hedii
875 2076 979 2130 Rufi
1010 2076 1200 2118 Lolliani
1228 2076 1369 2127 Aviti,
1412 2091 1503 2119 eum
1534 2092 1611 2131 quo
1647 2091 1899 2121 communem
1937 2078 2063 2122 habet

344 2145 471 2186 etiam
501 2145 667 2194 tribum,
698 2158 826 2198 nepos
851 2145 901 2186 L.
924 2144 1117 2186 Lolliani
1144 2144 1267 2186 Aviti
1294 2145 1477 2187 consulis
1508 2160 1546 2190 a.
1568 2149 1670 2197 144;
1700 2160 1922 2200 eoynomen
1941 2147 2064 2190 Aviti

344 2213 522 2266 sumpsit
552 2213 604 2254 ab
635 2212 731 2266 hoe,
772 2212 834 2253 vel
870 2227 897 2254 a
928 2215 1090 2266 patruo
1120 2213 1171 2254 L.
1203 2213 1341 2255 Hedio
1371 2213 1491 2267 Rufo
1519 2214 1717 2256 Lolliano
1747 2214 1905 2270 Avito),
1944 2214 2062 2257 tribu

349 2279 505 2332 Pollia3
538 2281 735 2322 triumvir
765 2279 988 2322 monetalis
1014 2295 1114 2322 aere
1142 2287 1319 2335 argento
1341 2296 1446 2324 auro
1466 2281 1610 2324 flando
1631 2281 1840 2336 feriundo,
1862 2282 2062 2325 tribunus

344 2347 588 2389 laticlavius
633 2347 814 2402 legionis
858 2348 994 2390 XIIII
1040 2349 1269 2397 Geminae,
1318 2356 1523 2405 quaestor
1570 2350 1845 2405 candidatus,
1894 2350 2062 2406 legatus

344 2415 639 2470 Augustorum
683 2415 868 2458 duorum
914 2415 1075 2471 (Augg.
1125 2417 1333 2458 adiectum
1380 2417 1544 2460 videtur
1587 2432 1728 2460 errore
1771 2419 2061 2474 quadratarii)

347 2484 596 2540 provinciae
617 2482 759 2537 Asiae,
783 2483 990 2526 iuridieus
1011 2484 1238 2526 Asturieae
1260 2491 1302 2527 et
1317 2484 1568 2540 Callaeciae,
1591 2486 1759 2541 legatus
1779 2486 1960 2542 legionis
1974 2487 2063 2530 VH

348 2553 556 2596 Geminae
586 2553 681 2607 piae
712 2551 859 2606 felicis,
897 2558 1069 2608 praetor
1099 2552 1353 2595 candidatus
1384 2553 1590 2609 tutelaris,
1636 2554 1785 2596 consul
1815 2558 1843 2599 t.
1873 2555 2063 2598 urbanus

345 2619 460 2662 Bull.
494 2633 592 2661 eom.
624 2621 732 2661 1883
755 2634 801 2673 p.
824 2623 910 2663 216
943 2620 1056 2675 (inde
1081 2620 1249 2663 Dessau
1278 2622 1404 2665 inser.
1433 2622 1503 2666 sel.
1535 2623 1632 2667 Lat.
1664 2622 1799 2676 1155).
1859 2623 2063 2666 Fortasse

345 2701 430 2730 non
457 2687 642 2729 diversus
669 2688 825 2729 Avitus
855 2688 1003 2729 consul
1034 2688 1123 2730 ord.
1156 2704 1194 2730 a.
1216 2690 1299 2731 209
1330 2704 1428 2731 oum
1458 2691 1715 2746 Pompeiano
1745 2691 1863 2744 fasti.
1908 2690 2062 2745 Augur

347 2758 375 2799 t.
415 2755 617 2796 urbanus.
686 2755 840 2796 Frater
878 2755 1106 2797 Terentiae
1146 2755 1353 2798 Flavolae
1398 2757 1579 2811 virginis
1619 2757 1807 2800 Vestalis
1850 2759 2063 2801 maximae

346 2824 402 2866 ib.
427 2823 570 2877 (etiam
594 2822 779 2864 Terentii
804 2822 1018 2873 Gentiani,
1052 2824 1231 2866 eiusdem
1259 2828 1307 2866 ut
1334 2825 1497 2866 videtur
1523 2826 1597 2879 qui
1625 2826 1769 2868 consul
1797 2826 1883 2880 fuit
1903 2840 1942 2868 a.
1963 2829 2060 2878 211,

346 2892 545 2944 fratrem,
587 2890 778 2932 Lolliani
814 2890 1018 2933 Gentiani
1058 2895 1133 2934 aut
1161 2896 1332 2946 patrem
1372 2896 1467 2943 aut,
1500 2893 1620 2947 quod·
1636 2894 1771 2948 mayis
1801 2894 2060 2946 crediderim,

347 2961 555 3013 patruum
574 2958 717 3011 fui,sse
748 2958 861 3000 colli
843 2960 958 3012 Jitur
980 2974 1029 3002 ex
1050 2963 1077 3004 t.
1097 2961 1262 3002 urbano
1294 2960 1362 3003 VI
1373 2964 1507 3012 2144;
1537 2962 1590 3015 ef.
1612 2965 1786 3004 stemma
1804 2975 1938 3016 supra
1958 2977 2062 3018 pro-

350 3025 566 3081 positum).
599 3026 723 3068 Uxor
738 3025 922 3068 Claudia
939 3027 1078 3070 Sestia
1095 3027 1275 3070 Cocceia
1298 3028 1544 3084 Severiana,
1567 3029 1656 3072 filia
1675 3029 1873 3072 Lolliana
1894 3029 2064 3074 Plautia

350 3094 490 3138 Sestia
520 3092 705 3136 Servilla
734 3093 883 3147 (supra
911 3109 951 3137 n
973 3095 1074 3149 217)
1105 3097 1162 3138 i.b

264 3174 346 3217 225
386 3172 607 3215 Lollianus
654 3172 872 3227 Titianus,
931 3175 1069 3216 iussus
1114 3191 1140 3217 a
1183 3176 1314 3218 Didio
1359 3175 1526 3219 Iuliano
1575 3176 1835 3230 gladiatores
1889 3176 2064 3234 Capuae

350 3256 518 3284 armare
557 3247 706 3283 eontra
745 3241 953 3284 Severum
991 3244 1061 3284 vit.
1099 3243 1203 3287 Did.
1241 3244 1407 3287 Iuliani
1436 3248 1474 3288 8.
1537 3244 1639 3287 Sine
1679 3244 1805 3287 dubio
1845 3259 1895 3287 ex
1932 3246 2063 3300 stirpe

351 3323 492 3352 eorum
521 3309 594 3362 qui
612 3308 883 3362 praecedunt.
