2190 3724
113 287 292 324 FABIVS
1005 279 1061 322 49
1751 287 1931 323 FABIVS

199 417 340 460 lianus
360 417 505 460 consul
525 431 564 459 a.
585 431 627 461 u.
649 432 682 461 e.
704 421 799 466 609,
823 417 940 472 filius
960 418 1009 461 L.
1032 417 1209 460 Aemili-i
1227 417 1377 460 Paulli
1397 418 1579 460 consulis
1600 433 1639 462 a.
1660 421 1747 460 572
1777 421 1816 460 et
1834 422 1929 469 586,

198 501 291 530 eum
310 485 435 528 huius
459 485 770 530 celeberrimum
800 500 1021 541 eoynomen
1053 486 1248 529 asciverit
1278 486 1367 529 loeo
1388 487 1706 541 praenominiae
1735 487 1931 530 similiter

197 558 336 610 frater
374 555 464 597 eius
497 555 554 609 (n.
583 555 654 607 37)
695 569 723 597 a
762 555 900 608 fratre
933 554 1115 597 emzsulis
1154 556 1260 597 anni
1294 558 1389 605 609,
1422 555 1473 599 Ρ.
1502 555 1699 598 Cornelio
1730 556 1930 612 Scipione

195 624 409 678 Africano
434 622 690 673 Aemiliano,
722 626 938 665 mutuatus
965 626 1026 665 est
1048 638 1198 666 nomen
1218 622 1436 677 Africani,
1466 624 1621 678 fratris
1641 623 1757 678 silius
1778 624 1835 679 (n.
1857 625 1927 678 40)

197 693 250 735 ab
293 691 434 735 eodem
471 706 620 734 nomen
653 691 920 735 Numantini.
954 715 1009 722 —-
1048 692 1240 747 Legatus
1272 691 1470 735 Caesaris
1509 693 1553 734 in
1587 693 1803 749 Hispania
1843 696 1870 737 t.
1900 695 1928 735 5

195 762 393 816 (fortasse
427 763 524 802 ante
564 775 603 804 a.
633 763 729 810 727,
771 774 864 802 cum
900 759 1061 802 Caesar
1099 760 1284 803 nondum
1317 760 1538 816 Auyustus
1576 761 1714 804 (lictus
1751 762 1827 811 sit,
1871 763 1925 815 ef.

194 829 366 872 Henzen
388 832 468 873 aet.
492 828 596 873 Arc.
620 844 668 883 1).
690 829 800 882 186).
846 829 1143 872 Proeonsulem
1171 829 1305 884 Cypri
1322 830 1453 884 fhu‘sse
1474 829 1571 873 inde
1599 830 1764 872 ridetur
1785 830 1929 885 eolliqi

194 912 331 954 posse,
349 897 460 952 quod
472 898 598 940 uxori
612 898 700 940 eius
715 898 779 940 ibi
789 898 958 952 positus
978 901 1038 940 est
1058 902 1085 942 t.
1099 902 1136 943 6.
1161 923 1214 928 -
1235 897 1398 941 Consul
1415 899 1659 941 ordinarius
1676 914 1714 943 a.
1728 898 1810 941 743
1827 914 1926 941 cum

194 968 248 1021 Q.
278 966 404 1009 Aelio
434 967 668 1009 Tuberone
697 967 815 1020 fasti.
847 966 1085 1009 Proconsul
1105 967 1236 1009 Asiae
1263 970 1290 1012 t.
1316 971 1352 1012 7.
1375 971 1413 1017 9,
1444 968 1617 1018 nummi,
1651 975 1750 1010 ante
1781 983 1819 1010 a.
1843 967 1926 1010 750

193 1037 248 1090 ef.
290 1035 577 1090 Waddinyton
611 1035 744 1088 fustes
782 1050 823 1077 n.
853 1038 908 1077 59
949 1036 1004 1090 (a.
1048 1035 1183 1085 746l7,
1234 1035 1389 1079 Usener
1415 1036 1514 1080 bull.
1550 1036 1644 1079 (lell’
1675 1037 1784 1080 Inst.
1815 1040 1924 1079 1874

193 1120 241 1159 1).
273 1107 340 1154 80,
379 1104 470 1146 sine
509 1104 623 1145 iusta
662 1103 821 1157 eausa).
886 1104 938 1145 In
984 1103 1293 1160 proconsulatu
1342 1112 1494 1147 auctor
1542 1105 1624 1147 fuit
1673 1105 1922 1148 civitatibus

193 1172 346 1227 Asiae,
390 1178 438 1215 ut
476 1186 638 1214 annum
680 1171 805 1214 aliter
849 1171 1100 1214 ordinarent
1140 1179 1183 1215 et
1227 1173 1487 1230 principium
1533 1180 1770 1216 statuerent
1809 1174 1925 1217 diem

190 1241 377 1284 natalem
397 1240 585 1295 Augusti
617 1244 644 1284 t.
678 1244 712 1284 7.
732 1244 773 1285 8.
795 1245 821 1283 9
853 1241 907 1294 ef.
936 1240 1006 1283 CI
1006 1240 1060 1285 G.
1090 1244 1212 1286 3957.
1244 1266 1299 1272 -
1326 1242 1480 1284 Frater
1510 1241 1683 1284 Arvalis
1714 1246 1795 1286 aet.
1817 1243 1922 1287 Arc.

191 1325 230 1355 a.
256 1309 416 1354 767l14.
475 1308 530 1352 A.
562 1308 719 1352 767s14
758 1308 1006 1363 Augustum
1045 1310 1275 1352 comitatur
1313 1309 1560 1352 Planasiam
1599 1310 1655 1353 ad
1694 1311 1924 1354 visendum

193 1378 433 1435 Agrippam
469 1378 567 1422 Tae.
600 1393 639 1422 a.
671 1381 709 1428 1,
741 1381 780 1420 5.
841 1377 994 1420 Paullo
1033 1385 1131 1435 post
1170 1378 1282 1433 obit,
1323 1379 1581 1422 credebatur
1619 1387 1800 1422 mortem
1840 1379 1922 1422 sibi

188 1447 467 1500 conscivisse,
509 1446 625 1503 quod
647 1447 757 1488 ‘eius
799 1446 927 1503 culpa
966 1453 1178 1489 secretum
1209 1447 1397 1503 Augusti
1437 1461 1534 1490 cum
1564 1447 1762 1505 Agrippa
1795 1448 1921 1490 collo·

188 1516 338 1573 quium
375 1515 529 1558 Liviae
570 1516 826 1558 innotuisset
860 1516 958 1559 Tac.
993 1515 1020 1560 l.
1057 1530 1116 1567 e.,·
1156 1516 1381 1561 Plutarch.
1414 1516 1463 1559 (le
1490 1517 1655 1571 [sarrul.
1684 1532 1732 1571 1).
1767 1520 1851 1560 508
1878 1517 1921 1559 Α

187 1585 278 1641 (ubi
303 1583 486 1627 Fulvius
518 1584 704 1626 traditur
725 1599 810 1638 pro
841 1583 1034 1639 Fabius),
1068 1585 1122 1638 ef.
1154 1585 1274 1629 Plin.
1305 1585 1345 1629 h.
1377 1599 1418 1629 n.
1444 1589 1479 1635 7,
1503 1588 1596 1628 150.
1620 1606 1672 1616 ⁴—
1705 1586 1921 1629 Patronus

187 1653 380 1696 coloniae
395 1653 590 1695 Hadriae
606 1656 634 1697 t.
646 1657 683 1696 1.
700 1677 749 1683 —
768 1652 839 1695 Ad
861 1667 959 1695 eum
974 1652 1095 1696 dedit
1110 1653 1294 1696 Ovidius
1317 1654 1523 1710 epistulas
1545 1669 1596 1696 ex
1612 1655 1662 1699 P.
1679 1659 1716 1704 1,
1739 1659 1795 1706 2,·
1818 1659 1856 1705 3,
1878 1659 1917 1705 3,

185 1724 366 1777 fortasse
386 1723 514 1765 etiam
533 1726 572 1773 1,
593 1725 644 1773 5‚·
663 1725 701 1772 1,
724 1726 774 1772 9;
802 1725 840 1772 3,
862 1725 890 1764 8
910 1722 1000 1777 (secl
1027 1737 1133 1777 quae
1154 1723 1250 1765 item
1283 1723 1410 1765 datae
1431 1737 1516 1766 esse
1529 1727 1711 1778 possunt
1732 1724 1790 1766 ad
1811 1724 1920 1767 alios

187 1790 436 1845 Maxima).
501 1791 610 1833 Item
639 1790 755 1833 hunc
786 1797 834 1833 ut
864 1790 1038 1833 videtur
1064 1790 1265 1833 Paullum
1293 1792 1534 1834 Maximum
1564 1791 1800 1834 honorifice
1831 1808 1917 1834 me-

184 1865 325 1902 morat
354 1859 566 1902 Horatius
605 1873 735 1903 earm.
766 1863 805 1913 4,
837 1863 875 1910 1,
911 1863 951 1902 9.
983 1863 1057 1914 10,
1102 1859 1407 1902 adulescentem
1447 1861 1664 1902 etiamtum
1705 1862 1918 1915 (‘centum

185 1944 293 1985 puer
320 1929 531 1982 artium').
564 1953 616 1959 -—
647 1928 826 1970 Dictum
853 1929 944 1970 eius
976 1928 1030 1970 de
1050 1929 1282 1984 congiariis
1302 1928 1490 1984 Augusti
1527 1930 1702 1983 Qm'ntil.
1724 1934 1762 1980 6,
1783 1934 1823 1981 3,
1844 1936 1914 1975 52.

184 1997 403 2040 Fabianus
435 1997 513 2051 (sie
550 1996 762 2048 traditum
791 1997 930 2039 editur
958 1997 1140 2052 Fabius)
1162 1997 1455 2040 nobilissimus
1484 1999 1553 2040 vir
1583 2000 1658 2055 qui
1697 2001 1917 2042 accusavit

184 2056 381 2108 Cassium
413 2064 644 2119 Severum,
682 2071 859 2121 propter
894 2064 1251 2108 declamationem
1291 2065 1479 2123 aliquam
1511 2068 1669 2109 citatur
1698 2083 1724 2109 a
1755 2068 1914 2111 Seneca

184 2137 314 2178 contr.
335 2137 378 2184 2,
400 2137 439 2183 4,
461 2137 525 2176 11.
547 2137 616 2184 12,
639 2135 822 2187 fortasse
843 2134 950 2176 idem
972 2133 1153 2187 (Fabius
1172 2134 1391 2176 Maximus
1411 2136 1570 2178 citatur
1585 2137 1640 2180 il).
1662 2140 1705 2186 2,
1727 2140 1766 2187 4,
1790 2139 1847 2191 9).
1860 2162 1930 2192 -,

182 2201 344 2245 Paulus
385 2208 428 2244 et
468 2201 629 2244 Fabius
669 2202 888 2244 Maximus
928 2209 976 2245 ut
1010 2202 1175 2245 nobiles
1215 2204 1367 2246 aetatis
1397 2203 1584 2259 Augusti
1623 2212 1916 2247 memorantur

181 2287 208 2313 a
238 2271 399 2314 Sfflceea
429 2270 478 2313 (le
507 2270 621 2315 elem.
649 2275 686 2321 1,
719 2274 758 2321 9,
791 2275 830 2321 6,
861 2271 930 2313 hie
965 2274 1004 2313 et
1032 2272 1173 2325 frater
1201 2271 1442 2326 Africanus
1470 2273 1693 2316 Maoeimus
1732 2275 1790 2328 (n.
1820 2275 1915 2327 37),-

182 2340 276 2382 item
307 2342 355 2381 ut
387 2338 548 2381 nobiles
576 2338 712 2381 Fabii
749 2342 1036 2381 memorantur
1066 2354 1093 2381 a
1123 2340 1325 2383 Rnenale
1360 2346 1403 2390 2,
1434 2344 1537 2392 146;
1565 2347 1606 2391 8,
1638 2346 1703 2385 14.
1733 2346 1827 2387 191.
1860 2368 1913 2373 —-

180 2408 329 2451 Uxor:
352 2407 531 2449 Marcia:
561 2407 751 2450 Liberti:
775 2407 826 2460 Q-
843 2408 1005 2450 Fabius
1024 2408 1206 2450 Maximi
1227 2408 1252 2451 l.
1273 2410 1392 2451 Zeno
1420 2410 1488 2452 VI
1500 2414 1624 2460 9219,
1642 2409 1715 2466 [Q.
1730 2410 1912 2466 FJabius

178 2476 360 2518 Maximi
385 2474 414 2518 l.
443 2476 582 2532 Ipitus
622 2475 690 2531 VI
710 2479 832 2526 6873,
862 2476 988 2519 ltuius
1026 2480 1066 2519 ct
1098 2477 1255 2530 fratris
1284 2477 1340 2530 Q.
1366 2478 1529 2521 Fabius
1559 2479 1851 2522 Maximorum
1881 2479 1907 2523 l.

178 2545 356 2588 Amicus
389 2544 457 2587 VI
478 2548 603 2589 9219.

91 2614 147 2656 39
177 2613 339 2656 Fabius
369 2612 485 2655 Mela
512 2614 588 2668 (sie
616 2613 717 2668 Diy.
738 2617 804 2664 43,
825 2618 896 2664 23,
917 2618 956 2663 1,
977 2618 1046 2661 12,
1070 2618 1299 2668 praeterea
1328 2615 1463 2670 Mela)
1492 2623 1643 2659 auctor
1672 2618 1778 2660 iuris
1805 2618 1906 2673 Diffi

175 2684 240 2731 15,
262 2685 301 2731 3,
325 2684 363 2731 7,
384 2685 439 2732 2;
459 2684 525 2732 19,
546 2685 584 2732 1,
606 2685 672 2732 17,
694 2685 744 2733 6,·
763 2685 829 2732 19,
851 2688 895 2732 2,
916 2686 981 2732 13,
998 2686 1134 2733 8,·19,
1152 2686 1190 2732 5,
1209 2687 1282 2733 20,
1298 2687 1350 2734 1,·
1370 2687 1440 2734 27,
1457 2688 1496 2734 3,
1513 2688 1552 2734 1,
1571 2689 1619 2735 6;
1638 2689 1704 2735 33,
1721 2690 1759 2736 9,
1776 2691 1814 2732 3,
1834 2691 1910 2734 10,·

175 2753 241 2800 46,
262 2753 302 2800 3,
323 2752 401 2801 39,·
429 2753 496 2800 47,
518 2754 584 2800 10,
606 2754 672 2801 17,
694 2754 737 2795 2.
789 2750 963 2793 Videtur
992 2752 1143 2794 rixisse
1169 2753 1424 2806 temporibus
1444 2753 1641 2808 Augusti,
1665 2756 1720 2807 ef.
1749 2755 1788 2797 Τ
1783 2755 1909 2807 euffel

175 2817 270 2862 hist.
295 2818 374 2862 litt.
395 2821 492 2868 265,
514 2821 552 2862 6.

91 2887 147 2928 40
177 2892 355 2928 FABIVS
396 2885 787 2942 NVM[ANTINVS],
830 2894 1053 2944 cooptatus
1094 2890 1138 2931 in
1179 2888 1405 2944 collegium
1436 2889 1611 2946 aliquod
1641 2891 1907 2934 sacerdotale

175 2969 212 2997 a.
235 2954 290 2997 59
325 2954 393 2997 VI
406 2959 536 2999 2002.
595 2955 759 2997 Frater
797 2956 981 3009 fortasse
1019 2957 1187 3000 Fabiae
1228 2958 1520 3001 Numantinae
1547 2960 1605 3013 (n.
1628 2959 1713 3014 62),
1743 2960 1821 3002 ubi
1849 2962 1903 3014 ef.

88 3023 140 3065 41
173 3022 334 3066 Fabius
355 3022 576 3078 Paulinus,
607 3025 720 3066 inter
742 3025 857 3066 viros
883 3024 1049 3067 nobiles
1076 3041 1102 3068 a
1124 3027 1285 3069 Severo
1306 3028 1469 3069 occisos
1491 3028 1560 3072 vit.
1583 3028 1699 3082 Sept.
1722 3029 1815 3072 Sec.
1837 3033 1902 3073 13.

87 3091 142 3133 42
172 3098 395 3134 PAVLLVS
435 3098 613 3134 FABIVS
655 3098 906 3138 PERSICVS.
980 3094 1113 3136 Tituli
1152 3095 1343 3137 urbanus
1386 3095 1503 3140 Bull.
1540 3097 1756 3139 comunale
1795 3100 1907 3139 1887

175 3174 223 3214 Ρ.
244 3162 326 3201 306
356 3158 438 3214 (1),
467 3160 680 3214 sphesius
699 3161 788 3203 III
800 3165 909 3204 6073
939 3162 1016 3217 (2).
1064 3162 1242 3205 Paullus
1268 3163 1431 3206 Fabius
1453 3164 1653 3206 Persicus
1680 3169 1759 3209 act.
1781 3165 1899 3216 Ama,

175 3227 352 3271 Paullus
381 3227 543 3271 Fabius
573 3228 812 3285 Persi[cus]
842 3234 870 3275 t.
891 3234 929 3281 1,
963 3230 1160 3287 [Paullus
1180 3231 1362 3288 Fa]bius
1383 3233 1583 3275 Persicus
1616 3237 1642 3277 t.
1664 3238 1708 3283 2,
1739 3233 1900 3276 Fabius

172 3295 372 3338 Persicus
389 3296 550 3339 Seneca
566 3296 615 3340 de
631 3297 765 3352 benef.
786 3302 829 3349 2,
851 3303 921 3349 21,
943 3303 993 3351 5,·
1013 3304 1050 3350 4,
1071 3303 1139 3351 30,
1161 3304 1205 3351 2,
1232 3300 1433 3342 Persicus
1460 3300 1639 3344 Claudii
1659 3315 1720 3343 or.
1741 3302 1901 3356 layci„-

154 3368 434 3405 Prosopogrnphia
451 3368 533 3404 1mp.
555 3369 646 3398 Rom.
682 3369 727 3398 11.
1604 3368 1627 3403 4
