2202 3724
277 282 445 317 IVNIVS
1139 273 1222 316 238
1909 279 2074 315 IVNIVS

356 426 392 453 a.
415 411 470 452 49
493 410 654 452 Seneca
676 409 777 451 dial.
799 412 868 459 12,
891 412 956 458 18,
978 412 1022 450 2.
1072 407 1311 450 Proconsul
1330 407 1521 449 Achaiae
1543 424 1581 450 a.
1599 409 1654 451 52
1675 411 1755 451 act.
1777 411 1910 463 apost.
1930 411 1995 459 18,
2018 412 2076 452 12

355 479 409 532 cf.
432 478 594 521 Seneca
614 491 676 531 ep.
699 480 791 526 104,
814 480 853 518 1.
900 477 1078 518 Dictum
1100 476 1190 517 eius
1212 475 1266 517 de
1287 478 1607 518 consecratione
1625 475 1795 519 Claudii
1816 476 1906 519 Dio
1925 479 1992 527 60,
2007 479 2073 520 35.

355 544 516 588 Consul
539 545 651 598 (suff.
674 559 711 586 a.
733 545 835 598 inc.)
859 544 976 588 Plin.
998 543 1038 586 h.
1059 558 1099 587 n.
1121 547 1187 594 31,
1210 547 1278 586 62.
1332 543 1588 586 Consulatus
1607 544 1733 587 liuius
1758 545 1911 587 mentio
1930 557 2074 599 super-

354 617 413 656 est
443 614 488 655 in
520 613 668 655 tabula
699 615 843 655 cerata
873 612 1152 666 Pompeiana,
1194 626 1262 666 ap.
1295 612 1469 655 Petram
1496 627 1538 655 n.
1568 615 1669 664 115,
1711 614 1756 655 in
1783 613 1902 655 cuius
1923 626 2025 666 pay.
2048 615 2074 654 5

354 682 439 723 tria
459 682 510 723 L.
530 681 652 723 Iunii
672 679 885 723 Gallionis
914 681 1088 722 nomina
1118 680 1220 734 leyit
1239 680 1574 734 Zanyemeister;
1605 681 1786 736 colleyae
1815 693 1963 723 nomen
1994 679 2076 735 leyi

351 762 435 790 non
463 748 616 802 potuit.
678 747 834 799 (Falsa
864 747 913 790 de
941 747 1021 790 hac
1053 747 1199 789 tabula
1227 748 1360 801 refert
1390 747 1434 792 Ο.
1466 748 1667 790 Mancini
1696 748 1777 790 atti
1806 747 1899 790 dell'
1927 746 2072 796 accad.

350 816 490 870 napol.
523 815 568 858 oli
597 815 865 870 archeoloyia
894 819 968 866 11,
1000 816 1157 860 1882l3
1177 818 1296 870 part.
1323 816 1357 858 I
1374 830 1423 870 p.
1445 818 1651 873 139l140).
1716 816 1821 858 Post
1851 816 2072 858 interitum

353 884 541 926 Senecae
564 883 708 926 fratris
740 890 781 926 et
811 885 903 940 ipse
934 883 1205 940 periclitatur
1239 884 1337 926 Tac.
1361 898 1400 926 a.
1422 887 1485 934 15,
1510 887 1574 926 73.
1635 885 1771 926 Periit
1799 883 1889 926 Dio
1909 887 1979 934 62,
2000 886 2070 934 25,

353 967 431 994 sua
460 967 591 994 manu
625 952 910 1007 Hieronymus
936 952 994 994 ad
1023 967 1061 994 a.
1084 955 1210 995 2080.
1241 977 1298 982 —-
1328 953 1544 1007 Egregius
1574 952 1834 995 declamator
1863 952 2072 1006 Hierony-

351 1034 442 1062 mus
473 1020 531 1062 acl
560 1035 598 1064 a.
629 1023 743 1063 2080
774 1020 1032 1074 confundens
1069 1035 1160 1064 eum
1190 1035 1282 1063 cum
1312 1024 1442 1075 patre
1481 1020 1688 1076 adoptivo.
1754 1021 1861 1063 Eius
1900 1019 2072 1062 hortatu

354 1087 592 1132 Columella
635 1088 792 1131 librum
838 1089 1051 1131 decimum
1095 1089 1295 1132 versibus
1340 1090 1594 1145 conscripsit
1635 1089 1794 1133 Colum.
1835 1092 1880 1140 9,
1921 1093 1986 1141 16,
2026 1093 2070 1133 2.

351 1157 617 1198 Memoratur
647 1156 757 1201 Stat.
789 1157 879 1199 silv.
909 1160 952 1207 2,
988 1160 1025 1208 7,
1054 1160 1124 1200 32.
1164 1179 1216 1186 —-
1258 1157 1368 1199 Eius
1407 1157 1502 1212 filia
1529 1157 1748 1200 Novatilla
1778 1157 1939 1201 Seneca
1968 1157 2070 1202 dial.

268 1228 633 1335 4951ᾔ.11ῗῖΝζῆῖε
664 1299 1009 1335 HERMOGENES
1041 1294 1175 1336 frater
1203 1293 1378 1336 Arvalis
1409 1309 1446 1336 a.
1473 1295 1557 1337 220
1587 1296 1667 1338 act.
1693 1293 1803 1339 Arv..

267 1361 350 1404 496
381 1367 548 1403 IVNIVS
572 1361 876 1416 (H)OMVLLVS
900 1361 1068 1415 (Iunius
1086 1361 1285 1404 Omullus
1304 1361 1412 1404 XII
1422 1365 1543 1412 3168,
1568 1394 1578 1404 .
1597 1395 1606 1404 .
1625 1395 1635 1404 .
1654 1397 1663 1406 .
1679 1361 1837 1404 mullus
1858 1363 1919 1405 II
1930 1364 2070 1417 3415),

349 1429 517 1484 legatus
548 1429 784 1472 consularis
812 1430 1051 1486 Hispaniae
1081 1430 1417 1472 Tarraconensis
1446 1431 1510 1473 II
1527 1434 1646 1473 3415.
1687 1430 1794 1473 XII
1814 1433 1923 1473 3168
1963 1430 2073 1483 (cum

351 1501 452 1540 nota
493 1497 816 1552 Wadolinytonii
858 1498 916 1540 acl
953 1495 1178 1553 Boryhesissi
1218 1513 1311 1553 opp.
1340 1502 1368 1541 8
1400 1514 1447 1553 p.
1478 1502 1559 1541 417
1599 1502 1682 1542 not.
1719 1498 1775 1553 6),
1820 1499 2074 1553 temporibus

351 1566 583 1617 Hadriani,
615 1570 662 1608 ut
688 1580 738 1608 ex
765 1567 970 1609 mentione
996 1567 1041 1609 T.
1064 1566 1290 1621 Pomponii
1318 1566 1495 1609 Proculi
1524 1566 1704 1609 Vitrasii
1727 1566 1938 1609 Pollionis
1967 1567 2014 1610 in
2042 1570 2071 1610 t.

351 1634 459 1676 XII
479 1637 588 1676 3168
618 1634 842 1689 colliyitur.

266 1703 348 1745 497
380 1708 546 1744 IVNIVS
593 1709 828 1744 IVLIANVS
874 1703 1103 1759 proconsul
1149 1703 1358 1758 (Siciliae)
1405 1706 1432 1745 t.
1473 1703 1699 1758 Syracusis
1738 1717 1825 1758 rep.
1861 1703 1911 1746 X
1947 1707 2071 1748 7127.

352 1770 556 1813 Fortasse
585 1771 693 1813 idem
722 1772 874 1813 Iunius
906 1771 1101 1813 Iulianus
1133 1771 1295 1826 teyulae
1321 1772 1514 1813 urbanae
1541 1770 1642 1814 CIL
1669 1771 1717 1814 Χ
1726 1771 1860 1814 V488
1883 1785 1965 1826 seq.

267 1839 350 1881 498
381 1840 451 1892 (Μ.
477 1840 664 1894 IVNIVS)
689 1845 870 1881 IVNCVS
902 1846 1114 1895 quaestor,
1148 1839 1347 1882 tribunus
1376 1838 1526 1896 plebis,
1558 1845 1752 1895 praetort,
1784 1855 1896 1883 uxor
1927 1839 2071 1883 Satria

350 1907 401 1949 L.
433 1906 462 1951 f.
494 1907 562 1950 VI
581 1910 694 1949 3837
704 1908 741 1952 b.

267 1975 350 2018 499
380 1975 438 2019 Μ.
468 1976 619 2018 Iunius
649 1976 810 2018 Iuncus
841 1976 982 2018 Maior
1013 1976 1092 2030 (vel
1120 1977 1273 2031 maior)
1306 1976 1373 2019 VI
1393 1979 1505 2019 3837
1516 1991 1556 2018 a.
1588 1979 1708 2020 9805.
1766 1977 1890 2020 Uxor
1920 1975 2072 2019 Paulla

351 2043 511 2085 Rutilia
541 2043 594 2096 Q.
624 2043 650 2085 f.
682 2044 750 2086 VI
751 2050 753 2052 ’
770 2047 881 2087 3837
890 2059 929 2086 a.
1436 2093 1438 2095 ‚

267 2112 350 2153 500
381 2112 435 2155 D.
468 2112 619 2154 Iunius
649 2111 881 2155 Iuvenalis.
932 2112 1096 2154 Titulus
1127 2113 1180 2154 ab
1212 2113 1304 2167 ipso
1324 2113 1492 2167 positus
1510 2112 1676 2167 Aquini
1702 2113 1751 2156 X
1775 2116 1900 2157 5382.
1952 2113 2071 2156 Vitas

353 2179 563 2222 codicibus
591 2183 838 2222 saturarum
868 2180 1053 2223 traditas
1082 2194 1255 2223 numero
1286 2184 1440 2235 septem
1458 2182 1665 2224 recensuit
1685 2179 1806 2224 Jahn
1824 2182 1871 2224 in
1890 2181 2071 2224 editione

350 2251 595 2290 saturarum
626 2249 730 2290 anni
748 2251 858 2291 1851
880 2263 927 2303 p.
948 2251 1149 2291 386-390
1180 2247 1267 2301 (vit.
1289 2250 1322 2291 I
1329 2278 1359 2283 —
1373 2249 1469 2291 VII
1459 2248 1499 2304 ),
1519 2249 1670 2304 plures
1701 2250 1826 2292 etiam
1848 2249 1894 2292 J.
1924 2249 2070 2292 Duerr

352 2315 428 2357 (las
455 2316 595 2358 Leben
620 2316 825 2359 Juvenals
853 2317 1027 2371 (Proyr.
1060 2317 1130 2359 des
1156 2316 1455 2372 Gymnasiums
1484 2318 1531 2360 in
1560 2317 1603 2361 U
1604 2318 1660 2360 lm
1689 2320 1815 2373 1888)
1836 2332 1885 2372 10·
1905 2320 1968 2361 22
1986 2330 2068 2371 seq.

352 2383 617 2426 Praenomen
645 2385 702 2426 D.
733 2385 858 2427 habet
885 2385 975 2427 vita
1005 2386 1038 2427 Ι
1059 2386 1106 2427 in
1132 2386 1415 2440 inscriffiione,
1448 2385 1506 2430 M.
1527 2386 1617 2428 vita
1636 2386 1671 2428 I
1675 2386 1731 2438 V,·
1760 2386 1912 2428 Iunius
1942 2386 2067 2428 Iuve-

353 2450 463 2492 nalis
492 2452 581 2494 vita
610 2453 644 2494 I
669 2453 716 2494 in
746 2455 938 2495 contextu
979 2456 1018 2495 et
1054 2454 1143 2495 vita
1172 2454 1246 2504 II,
1286 2486 1295 2495 .
1314 2486 1323 2496 .
1341 2455 1438 2495 nius
1473 2453 1692 2496 Iuvenalis
1731 2454 1808 2505 ta„
1839 2457 2069 2508 praeterea

353 2519 582 2562 Iuvenalis.
616 2545 663 2550 ·—

438 2587 650 2630 Libertini
680 2587 903 2644 locupletis
925 2590 1135 2631 incertum
1155 2588 1269 2630 filius
1290 2603 1345 2631 an
1367 2588 1564 2631 alumnus
1585 2589 1656 2631 vit.
1677 2589 1717 2631 I.
1737 2588 1804 2632 II.
1847 2588 2068 2631 Oriundus

354 2655 527 2711 Aquino
549 2656 636 2710 ipse
656 2660 736 2698 sat.
756 2660 796 2707 3,
817 2660 898 2699 319
918 2671 1010 2699 cum
1029 2657 1154 2701 schol.
1166 2670 1180 2708 ,·
1208 2658 1342 2708 vitae;
1371 2658 1426 2711 cf.
1448 2657 1511 2699 tit.
1534 2657 1685 2713 (aliqui
1701 2656 1874 2701 Gallum
1893 2663 2069 2713 propter

355 2724 545 2779 corporis
565 2724 904 2778 magnitudinem
924 2724 1074 2767 dicunt
1092 2725 1218 2768 schol.
1236 2725 1294 2767 aol
1310 2728 1390 2769 sat.
1407 2729 1445 2776 1,
1467 2729 1505 2776 1,
1528 2726 1781 2780 nuyatorie),
1804 2725 2068 2781 temporibus

355 2790 528 2833 Claudii
549 2791 732 2834 Neronis
753 2793 822 2835 vit.
846 2793 910 2835 II.
932 2793 1020 2835 III
1023 2807 1036 2844 ;
1066 2799 1192 2835 natus
1218 2793 1400 2836 Claudio
1421 2793 1592 2835 Nerone
1622 2800 1665 2836 et
1684 2793 1735 2835 L.
1751 2793 1940 2835 Antistio
1971 2807 2068 2835 con-

355 2858 530 2913 sulibus,
563 2861 589 2902 i.
622 2875 656 2906 e.
688 2875 726 2902 a.
749 2861 802 2903 55
832 2862 932 2911 vita,
963 2875 1090 2914 quam
1120 2876 1140 2904 e
1171 2861 1307 2904 codice
1328 2861 1646 2904 Barberiniano
1675 2875 1782 2904 saec.
1803 2861 1851 2903 X
1860 2860 2070 2915 Vscripto

355 2927 486 2969 edidit
508 2927 654 2970 Duerr
678 2928 703 2970 l.
733 2943 765 2972 c.
789 2943 836 2983 10.
858 2932 928 2979 28,
960 2930 1070 2972 inter
1100 2930 1211 2972 alias
1239 2943 1306 2973 res
1338 2931 1502 2973 omnino
1531 2931 1724 2985 ficticias.
1768 2928 1932 2986 Aquini
1962 2929 2066 2971 duo·

354 2996 424 3036 vir
444 2996 786 3051 quinquennalis,
819 2996 975 3039 flamen
1005 2998 1097 3040 divi
1119 2999 1374 3055 Vespasiani
1398 3000 1460 3043 tit.
1514 2998 1765 3054 [Tribunus]
1797 2998 1983 3040 cohortis
2015 2997 2065 3052 [I]

355 3062 650 3105 Delmatarum
682 3064 743 3106 tit.
802 3063 980 3107 Amicus
1010 3065 1220 3108 Martialis
1252 3066 1479 3109 Martialis
1509 3070 1546 3117 7,
1577 3070 1647 3111 24.
1679 3069 1745 3110 91.
1776 3069 1846 3116 12,
1876 3067 1944 3109 18.
1993 3064 2065 3107 Ad

353 3131 539 3173 mediam
560 3131 650 3173 fere
669 3138 852 3174 aetatem
873 3132 1129 3176 declamavit
1150 3135 1280 3176 animi
1301 3135 1436 3189 magis
1459 3149 1588 3176 causa
1609 3149 1739 3190 quam
1761 3132 1876 3190 quod
1897 3132 2066 3176 scholae

355 3214 400 3241 se
430 3205 506 3242 aut
534 3199 623 3241 foro
657 3207 935 3255 praepararet
962 3202 1072 3243 vitae
1102 3203 1155 3255 cf.
1177 3205 1256 3245 sat.
1279 3206 1316 3253 1,
1338 3206 1404 3244 16.
1454 3202 1566 3244 Dein
1601 3216 1835 3258 paucorum
1846 3202 2065 3244 'versuum

356 3269 487 3310 satira
515 3268 561 3309 in
591 3268 792 3310 Paridem
823 3271 1128 3324 pantomimum
1161 3272 1414 3326 composita,
1455 3270 1534 3312 hoc
1569 3285 1705 3325 genus
1735 3271 1973 3326 scripturae
2003 3269 2064 3312 in-

355 3335 516 3379 dustrie
538 3336 726 3380 excoluit
745 3337 814 3381 vit.
837 3337 874 3379 I.
897 3337 962 3379 II.
1016 3338 1068 3380 In
1089 3338 1266 3381 exilium
1287 3340 1441 3382 missus
1460 3346 1636 3398 propter
1655 3337 1888 3383 versiculos
1908 3336 2064 3394 quibus
