2202 3724
146 276 285 312 IVLIA
1005 272 1088 314 227
1818 281 1956 316 IVLIA

229 406 354 450 Uxor
383 406 610 462 Elagabali
642 408 782 464 prima
811 407 1096 461 (nobilissima
1132 409 1427 452 Romanarum
1462 408 1630 452 Herod.⁴
1647 412 1686 461 5,
1719 413 1776 466 6),
1807 418 1957 467 postea

228 474 454 531 repudiata
483 474 571 518 Dio
593 479 660 527 79,
690 479 729 521 9.
797 476 891 520 Una
921 491 1014 519 eum
1048 477 1095 520 E
1101 477 1299 532 laqabalo
1329 480 1672 532 repraesentatur
1701 479 1748 521 in
1775 480 1957 521 nummis

226 542 555 595 Perinthiormn,
587 559 656 599 ap.
690 545 888 588 Mionnet
914 546 947 588 I
960 560 1009 600 p.
1030 549 1112 588 410
1140 559 1183 588 n.
1203 549 1296 597 315,
1324 546 1461 601 suppl.
1493 547 1555 589 II
1575 561 1624 601 p.
1655 550 1742 590 429
1771 561 1813 590 n.
1834 550 1953 590 1344.

228 610 422 654 Honores
460 611 680 667 Auyustae
720 614 760 655 ei
795 614 1000 656 mansisse
1038 627 1166 668 usque
1205 614 1264 657 ad
1298 618 1528 670 veryentem
1575 629 1732 658 annum
1770 619 1861 659 220
1906 630 1957 658 eoe

225 678 533 723 Alexandrinis
562 684 601 723 et
632 681 899 736 Tripolitano
929 681 1162 724 Phoenices
1192 683 1278 738 (ap.
1312 683 1509 725 Mionnet
1544 682 1644 737 Vp.
1674 687 1761 726 407
1785 698 1828 726 n.
1857 684 1954 738 463)

226 747 430 801 probavit
447 748 610 792 Eckhel
637 749 664 792 l.
695 763 752 801 e.,·
787 750 841 804 of.
864 750 992 792 etiam
1017 751 1199 793 nummis
1220 751 1357 794 Sallet
1382 750 1527 794 Daten
1549 751 1624 794 der
1644 752 1751 796 alem.
1774 752 1954 794 Kaiser-

179 857 188 864 ,
223 820 398 859 manaen
417 831 466 871 p.
487 819 558 867 52,
590 818 689 860 item
717 831 851 872 supra
880 819 956 861 sub
987 818 1108 861 Iulia
1135 818 1317 873 Aquilia
1348 819 1518 863 Severa.

139 883 222 926 437
253 883 367 927 Iulia
405 885 599 940 Domna,
647 900 702 928 ex
746 891 1001 929 testamento
1046 886 1144 929 Iulii
1187 887 1411 944 Agrippae
1453 887 1756 944 primipilaris,
1804 889 1949 945 patrui

223 953 410 1007 maioris,
434 960 574 996 certos
595 953 753 997 fundos
775 954 828 997 ad
851 970 896 996 se
921 956 1138 1011 pertinere
1159 955 1314 1011 aiebat,
1340 956 1550 999 Scaevola
1570 963 1721 999 contra
1740 958 1952 1000 sentiente

223 1020 429 1063 Scaevola
459 1021 568 1064 libro
597 1035 708 1065 nono
739 1022 897 1065 decimo
927 1023 1181 1078 diyestormn
1212 1023 1331 1079 (Dry.
1362 1027 1432 1074 32,
1466 1027 1534 1075 38,
1565 1024 1623 1079 4).
1684 1024 1831 1068 Potest
1868 1038 1952 1068 esse

220 1103 329 1131 umor
358 1089 557 1144 Septimii
585 1090 732 1133 Severi
760 1090 890 1146 (libri
919 1091 1174 1146 diyestorum
1204 1091 1433 1134 Scaevolae
1461 1093 1613 1147 scripti
1641 1107 1726 1136 esse
1756 1093 1953 1136 dicuntur

222 1157 324 1211 imp.
357 1158 423 1200 M.
454 1157 663 1213 Aurelio).

134 1225 218 1267 438
248 1231 389 1267 IVLIA
418 1232 598 1269 DOMNA
628 1233 874 1270 AVGVSTA.
934 1227 1047 1270 Iulia
1076 1228 1251 1270 Domna
1282 1241 1392 1283 pars
1431 1242 1694 1271 nummorum
1734 1231 1951 1273 commatis

221 1293 422 1345 Romani,
455 1309 581 1349 quam
610 1295 839 1338 Eckhelius
874 1295 968 1338 VII
990 1310 1038 1351 p.
1062 1299 1144 1339 198
1165 1297 1389 1350 prioribus
1421 1298 1543 1351 reyni
1574 1297 1797 1340 Sez·eriani
1826 1300 1952 1341 annis

219 1375 363 1405 cusam
392 1361 565 1418 putat,'
586 1367 625 1406 et
653 1363 849 1418 plerique
889 1364 1187 1419 municipales,
1230 1365 1329 1407 item
1368 1365 1484 1407 tituli
1512 1365 1635 1407 multi
1664 1367 1951 1420 provinciales

219 1428 364 1482 (etiam
402 1446 454 1474 ex
490 1445 620 1487 reyno
657 1431 930 1478 Caracallae)
973 1433 1170 1486 (Domin-
1200 1446 1285 1487 pro
1325 1433 1489 1475 Domn-
1525 1434 1614 1476 III
1643 1437 1765 1478 3119.
1807 1436 1948 1490 7520),

218 1499 393 1542 Domna
420 1499 530 1543 nude
558 1500 779 1556 Oppianus
808 1514 947 1556 eyney.
978 1504 1017 1551 1,
1048 1504 1088 1551 4,
1120 1500 1234 1544 Iulia
1261 1502 1488 1556 scriptores
1517 1501 1682 1556 reliqui,
1709 1503 1810 1545 item
1837 1503 1952 1546 tituli

219 1567 370 1611 Italici
397 1571 566 1623 excepto
594 1568 683 1612 solo
718 1568 786 1612 VI
806 1571 927 1612 1048.

305 1636 442 1691 (Iulii)
473 1637 673 1680 Bassiani
703 1636 794 1680 filia
824 1637 966 1680 Victor
996 1638 1094 1692 epit.
1126 1641 1196 1681 21.
1222 1641 1293 1688 23,
1324 1638 1499 1681 Maesae
1528 1654 1649 1681 soror
1680 1638 1767 1682 Dio
1793 1642 1857 1690 78,
1879 1643 1947 1690 30,

215 1705 375 1748 Herod.
394 1708 434 1756 5,
454 1708 494 1756 3,
515 1709 548 1749 2
575 1719 608 1750 e.
632 1709 672 1757 4,
694 1709 721 1748 1
751 1719 785 1749 e.
803 1708 844 1757 8,
868 1709 909 1749 3.
958 1706 1117 1748 Emesa
1145 1706 1331 1749 oriunda
1360 1706 1520 1750 Herod.
1547 1711 1587 1758 5,
1610 1711 1650 1758 3,
1673 1711 1705 1751 2
1734 1708 1848 1763 (inde
1876 1709 1946 1751 vit.

217 1774 359 1816 Maer.
381 1777 420 1824 9,
444 1776 500 1831 1),
535 1773 664 1830 Syria
685 1774 869 1817 oriunda
887 1775 960 1818 vit.
983 1774 1076 1819 Sev.
1097 1778 1136 1826 3,
1159 1778 1198 1825 9,
1230 1790 1257 1817 a
1285 1775 1336 1819 L.
1369 1775 1579 1833 Septimio
1611 1775 1773 1819 Severo
1806 1776 1946 1831 legato

217 1843 466 1898 provinciae
486 1842 794 1898 Lugdunensis
815 1858 927 1886 uxor
954 1844 1159 1900 expetita,
1191 1844 1307 1900 quod
1338 1845 1382 1886 in
1411 1845 1614 1899 genitura
1644 1843 1804 1887 habere
1834 1844 1947 1887 dice-

217 1909 346 1953 batur
383 1917 433 1954 ut
468 1912 560 1967 regi
601 1912 855 1967 iungeretur
891 1913 964 1957 vit.
996 1913 1089 1957 Sev.
1121 1917 1161 1964 3,
1194 1917 1234 1964 9,
1265 1914 1336 1956 vit.
1365 1913 1500 1957 Getae
1529 1917 1572 1964 3,
1602 1917 1651 1965 1,
1693 1920 1735 1957 et
1769 1921 1947 1970 accepta.

217 1980 464 2023 interventu
495 1981 730 2024 amicorum
758 1982 830 2024 vit.
855 1982 949 2025 See.
977 1981 1003 2024 l.
1026 1996 1060 2025 e.
1122 1982 1329 2036 Nupsisse
1357 1982 1510 2026 Severo
1541 1997 1652 2025 anno
1692 1986 1790 2025 ante
1819 1997 1944 2036 quam

214 2049 385 2103 peperit
411 2048 685 2092 Caracallam
712 2049 877 2093 videtur
906 2050 1096 2093 indicare
1125 2051 1197 2094 vit.
1230 2051 1324 2094 Sev.
1357 2054 1397 2101 3,
1428 2054 1479 2102 9;
1514 2065 1621 2105 quae
1651 2050 1700 2093 de
1728 2050 1944 2093 Faustina

215 2117 414 2171 defuncta
444 2132 484 2161 a.
506 2120 585 2161 175
613 2121 852 2161 narrantur
882 2133 951 2174 ap.
972 2118 1155 2162 Dionem
1181 2123 1244 2170 74,
1274 2123 1312 2169 3,
1346 2134 1397 2162 ea
1427 2119 1582 2162 Severo
1609 2134 1696 2162 non
1726 2118 1940 2169 accidisse,

212 2185 287 2227 sed
323 2185 370 2228 in
402 2187 578 2229 somniis
605 2187 699 2229 visa
729 2200 814 2230 esse
845 2187 1109 2230 crediderim.
1160 2188 1230 2230 Ex
1262 2188 1422 2231 Severo
1446 2188 1656 2243 Bassiani,
1690 2188 1764 2244 qui
1795 2193 1944 2244 postea

216 2253 276 2296 M.
297 2252 503 2297 Aurelius
524 2254 784 2310 Antoninus,
816 2261 914 2311 post
933 2262 1115 2298 mortem
1139 2255 1365 2299 Caracalla
1386 2255 1526 2298 dictus
1553 2262 1628 2310 est,
1661 2262 1800 2298 mater
1828 2255 1943 2297 facta

215 2329 280 2364 est
309 2321 350 2364 d.
373 2323 401 2365 4
420 2322 529 2380 Apr.
555 2324 634 2366 188
655 2324 708 2378 ef.
733 2323 823 2366 Dio
852 2326 918 2374 78,
942 2327 968 2366 6
995 2324 1066 2366 vel
1097 2326 1239 2380 potius
1274 2325 1355 2368 186
1386 2325 1441 2379 ef.
1462 2324 1651 2367 vit-Sei).
1675 2329 1714 2375 4,
1743 2328 1781 2367 6.
1813 2327 1878 2374 16,
1899 2327 1939 2374 3,

214 2390 354 2433 Wirth
381 2394 540 2445 quaest.
572 2391 712 2435 Sever.
745 2391 861 2444 (diss,
894 2391 1034 2437 Bonn.
1055 2391 1184 2447 1882)
1205 2407 1254 2447 p.
1276 2395 1347 2443 20,
1377 2406 1506 2449 quem
1534 2394 1703 2449 peperit
1732 2392 1938 2448 Lugduni

214 2458 357 2502 Victor
386 2474 448 2514 ep.
478 2463 549 2510 21,
590 2466 632 2502 et
662 2459 822 2514 Getae,
864 2475 992 2517 quem
1032 2462 1202 2517 peperit
1231 2462 1394 2503 Romae
1423 2461 1495 2504 vit.
1525 2460 1618 2505 Sev.
1648 2464 1688 2512 3,
1724 2464 1763 2511 9,
1794 2476 1832 2505 a.
1859 2461 1940 2504 ’189

213 2528 268 2582 ef.
284 2527 374 2571 Dio
389 2531 455 2578 77,
467 2531 510 2572 2.
533 2528 750 2582 (Noverca
764 2529 963 2571 Bassiani
982 2529 1054 2573 vit.
1066 2529 1159 2573 Sev.
1171 2531 1242 2580 20,
1258 2533 1302 2580 2,
1323 2530 1396 2572 vit.
1414 2528 1508 2572 Get.
1522 2531 1585 2580 73,
1609 2529 1712 2572 Ve'ot.
1732 2528 1853 2572 Cae-5.
1867 2533 1937 2579 21,

211 2595 390 2651 Eutrop.
405 2599 445 2647 8,
458 2600 530 2648 20,
556 2597 674 2641 Oros.
690 2599 802 2651 7,18,
819 2600 863 2648 2,
885 2597 1008 2648 male,
1031 2599 1086 2652 ef.
1107 2597 1290 2652 Oppian.
1312 2611 1451 2653 eyney.
1465 2602 1501 2648 1,
1514 2601 1553 2648 4,
1575 2597 1664 2640 Dio
1678 2600 1745 2648 78,
1758 2601 1816 2640 24
1831 2598 1937 2651 eet).

209 2664 397 2708 Famosa
416 2665 665 2719 adulterii83
697 2680 772 2708 rea
791 2667 1113 2722 coniurationis,
1146 2666 1426 2709 nihilominus
1446 2682 1473 2708 a
1492 2667 1647 2709 marito
1674 2673 1842 2709 retenta
1865 2667 1936 2709 rit.

212 2733 305 2778 Sev.
322 2736 388 2784 18,
406 2736 446 2784 8,
479 2734 621 2777 Victor
643 2734 761 2778 Caes.
777 2738 849 2786 20,
870 2738 910 2777 3.
947 2735 1201 2778 Plautianus
1222 2750 1317 2778 eam
1337 2734 1454 2792 apud
1474 2736 1678 2777 maritum
1700 2735 1938 2775 insectatur

211 2800 300 2843 Dio
317 2804 383 2852 75,
402 2804 467 2845 15.
489 2804 555 2852 78,
571 2806 642 2852 24,
665 2802 781 2844 unde
801 2803 942 2859 coepit
963 2802 1166 2859 sophistis
1188 2809 1230 2845 et
1248 2802 1514 2859 philosophis
1536 2817 1708 2858 operam
1731 2801 1835 2843 dare
1848 2800 1936 2842 Dio

213 2872 276 2920 75,
297 2872 363 2913 15.
394 2873 459 2920 77,
483 2873 560 2922 18;
589 2870 880 2913 Philostratus
904 2872 975 2915 vit.
991 2871 1135 2926 Apoll.
1156 2875 1195 2922 1,
1217 2875 1256 2922 3,
1279 2873 1351 2914 vit.
1372 2871 1489 2926 soph.
1510 2874 1553 2922 2,
1569 2874 1636 2915 39.
1669 2871 1774 2912 Eius
1794 2869 1935 2924 gratia

214 2937 431 2980 Philiscus
450 2938 683 2980 Thessalus
703 2938 952 2981 cathedram
966 2939 1276 2981 Atheniensem
1297 2939 1486 2982 obtinuit
1501 2939 1705 2982 Philostr.
1725 2938 1797 2979 vit.
1816 2936 1932 2990 soph.

212 3006 239 3049 l.
261 3019 320 3058 o.,·
340 3007 432 3049 eius
463 3007 583 3049 iussu
610 3007 899 3049 Philostratus
929 3008 1060 3050 vitam
1082 3007 1302 3064 Apollonii
1322 3008 1564 3064 Tyanensis
1586 3006 1841 3061 conscripsit
1859 3005 1930 3047 vit.

210 3074 353 3129 Apoll.
377 3074 403 3117 l.
421 3088 478 3126 c.,·
503 3074 754 3118 Philostrati
776 3075 959 3132 epistula
979 3076 1033 3118 ad
1057 3091 1149 3118 eam
1171 3076 1378 3120 Philostr.
1400 3091 1463 3131 ep.
1485 3079 1554 3119 72.
1591 3074 1805 3117 Plautiani
1826 3087 1930 3114 nece

209 3142 395 3185 laetatur
414 3142 502 3185 Dio
521 3146 586 3193 76,
608 3147 647 3186 4.
699 3144 751 3186 In
781 3145 879 3186 sinu
910 3145 1002 3186 eius
1023 3143 1136 3187 Geta
1166 3146 1332 3187 occisus
1353 3144 1441 3187 Dio
1464 3148 1527 3194 77,
1549 3147 1580 3187 2
1605 3143 1726 3198 (Zon.
1750 3145 1818 3190 12,
1843 3141 1927 3191 12).

207 3214 273 3261 78,
296 3214 365 3261 24,
395 3210 554 3253 Herod.
576 3215 614 3262 4,
636 3215 675 3262 4,
693 3215 734 3262 3,
763 3212 835 3256 vit.
859 3211 952 3255 Sev.
972 3215 1045 3264 21,
1069 3216 1107 3256 7.
1157 3212 1409 3256 Caracallae
1438 3211 1746 3269 parsimoniam
1777 3209 1930 3251 suadet

208 3279 298 3322 Dio
324 3281 390 3329 77,
422 3282 489 3322 10.
521 3282 575 3321 18
604 3279 726 3334 (Zon.
756 3283 826 3330 12,
860 3279 948 3334 12).
1000 3281 1160 3336 Magno
1204 3282 1248 3323 in
1283 3280 1446 3323 honore
1476 3279 1624 3322 habita
1651 3294 1677 3320 a
1704 3276 1930 3320 Caracalla

207 3346 295 3391 Dio
308 3349 374 3398 77,
393 3349 447 3389 18
462 3348 692 3403 (incestum
712 3349 940 3391 committit
958 3363 1056 3391 cum
1074 3348 1299 3392 Caracalla
1318 3349 1518 3405 privigno
1538 3348 1607 3389 vit.
1626 3346 1779 3389 Carae.
1800 3349 1866 3396 10,
1883 3348 1926 3395 2,

1586 3414 1652 3450 15*
