2202 3724
275 294 380 329 IVLI
387 293 446 329 VS
1143 283 1223 326 188
1917 290 2082 327 IVLIVS

277 423 358 465 186
390 429 432 472 Q.
464 428 626 463 IVLIVS
660 425 851 462 CORDVS
891 419 1168 474 (praenomen
1197 418 1324 461 habet
1353 421 1381 461 t.
1413 421 1542 475 2631)
1572 419 1802 476 proconsul
1833 419 1968 477 Cypri
2003 420 2084 464 sub

361 489 541 531 Claudio
572 487 695 531 OIG.
716 490 841 531 2631.
869 489 997 530 2632.
1048 486 1237 540 Legatus
1267 485 1531 542 Aquitaniae
1561 501 1598 528 a.
1621 487 1676 529 69
1710 487 1808 530 Tae.
1835 487 1877 530 10.
1898 492 1937 539 1,
1960 491 2024 531 76.

280 557 357 598 187
391 563 430 598 O.
462 562 628 597 IVLIVS
671 561 931 596 CORNVTVS
967 560 1274 596 TERTVLLVS.
1339 554 1504 597 Titulus
1543 554 1850 598 Praenestinus
1887 555 1952 599 vel
1988 557 2086 611 ayri
2138 555 2141 557 “

360 624 630 666 Praenestini
657 623 736 665 XI
742 623 784 665 V
795 625 912 666 2925
942 623 996 676 ef.
1027 625 1180 666 2925‘1.
1242 622 1407 665 Nomen
1438 623 1613 677 plenam
1645 623 1709 666 vel
1741 638 1878 678 paene
1908 625 2083 679 plenwm

360 691 477 744 (nam
515 692 612 746 fieri
641 694 783 745 1000630
819 694 867 733 000
902 685 998 733 ante
1025 690 1205 733 Cornuti
1231 690 1479 733 vocabulum
1516 691 1637 734 aliud
1672 705 1822 735 nomen
1856 692 2082 748 interierit)

360 760 524 803 exhibet
552 760 638 810 ta„
679 758 899 801 Cornutus
930 758 1148 801 Tertullus
1178 758 1298 801 Ptin.
1332 773 1393 813 61).
1425 762 1468 809 2,
1499 762 1565 810 11,
1595 763 1663 802 19.
1702 763 1840 810 12,1.
1874 763 2011 812 5,14,
2041 764 2081 804 1.

359 829 571 879 9,13,15,
591 840 698 881 pan.
722 829 787 877 90,
810 829 1039 880 praeterea
1069 826 1287 869 Cornutus
1321 851 1379 857 -—
1399 828 1448 871 P.
1479 826 1521 882 fi,
1553 826 1670 870 tribu
1698 828 1806 871 Hor.
1837 828 1900 871 tit.
1940 828 2081 872 Plinio

359 894 502 952 paullo
533 896 670 937 maior
698 895 819 937 Plin.
850 909 912 949 610.
971 898 1079 945 1,4,
1110 897 1150 937 5.
1211 894 1426 948 Quaestor
1456 860 1671 949 urbanus,
1707 895 1857 938 aedilis
1887 895 2080 952 Cerialis,

362 963 555 1006 adlectus
586 964 698 1006 inter
727 964 966 1020 praetorios
997 978 1022 1004 a
1051 963 1321 1019 Vespasiano
1353 970 1395 1005 et
1425 964 1524 1006 Tito
1555 964 1803 1006 censoribus
1834 965 1891 1019 (a.
1923 965 2079 1020 73s74),

359 1032 526 1086 legatus
566 1046 644 1088 pro
685 1038 883 1087 praetore
915 1030 1070 1073 Cretae
1107 1037 1149 1073 et
1178 1030 1449 1087 Cyrenarum
1479 1034 1508 1074 t.
1566 1031 1804 1074 Proconsul
1832 1033 2082 1089 provinciae

357 1099 649 1142 Narbonensis
671 1101 747 1150 ta„
778 1099 854 1141 00ὂο
871 1099 940 1141 hio
958 1099 1092 1141 honor
1110 1102 1346 1141 recensetur
1374 1102 1496 1142 extra
1517 1099 1704 1142 ordinem
1733 1113 1827 1142 ewm
1846 1113 2080 1155 proconsu-

360 1169 451 1211 latu
480 1168 624 1213 Asiae.
682 1169 823 1210 Iacuit
853 1167 933 1209 sub
965 1168 1213 1209 Domitiano
1244 1168 1364 1210 Ptin.
1377 1182 1534 1222 paney.
1557 1171 1624 1210 90.
1684 1169 1822 1211 Tutor
1850 1168 2081 1212 Helvidiae

361 1236 487 1279 datus
519 1252 544 1278 a
574 1235 824 1278 consulibus
854 1242 1028 1292 petente
1057 1242 1193 1278 matre
1225 1237 1315 1278 eius
1347 1243 1388 1278 et
1417 1237 1571 1278 vitrico
1602 1236 1722 1279 Ptin.
1744 1251 1805 1291 ep.
1840 1240 1878 1288 9,
1908 1240 1973 1288 13,
2004 1240 2081 1289 16;

357 1305 491 1347 verba
534 1304 638 1346 fecit
677 1305 721 1346 in
762 1310 925 1358 senatu,
969 1319 1065 1346 cum
1106 1303 1273 1346 Plinius
1314 1304 1368 1346 de
1407 1304 1570 1347 ultione
1598 1304 1791 1347 Helvidii
1832 1311 1981 1360 ageret
2022 1306 2079 1349 ib.

361 1373 610 1416 Praefectus
650 1374 807 1417 aerarii,
849 1372 1023 1415 Saturni
1069 1388 1156 1415 una
1201 1388 1296 1414 cum
1336 1372 1478 1416 Plinio
1516 1373 1656 1415 factus
1696 1372 1750 1415 ab
1792 1375 1893 1430 imp.
1931 1374 2081 1417 Nerva

359 1442 478 1486 Ptin.
511 1457 572 1497 610.
597 1444 635 1493 5,
658 1445 724 1492 14,
745 1444 783 1492 5,
809 1456 964 1496 10000069.
988 1445 1061 1493 90,·
1091 1442 1154 1483 000.
1216 1440 1379 1484 Consul
1410 1441 1657 1496 designatus
1689 1443 1945 1485 sententiam
1974 1442 2082 1485 dicit

361 1511 405 1552 in
435 1517 586 1552 senatu
615 1509 731 1552 Plin.
765 1525 825 1564 610.
856 1513 899 1560 2,
931 1513 996 1560 11,
1029 1513 1096 1566 19.
1126 1512 1196 1552 21.
1227 1512 1302 1553 22.
1333 1513 1391 1552 24
1401 1523 1415 1561 ,·
1442 1513 1512 1560 12,
1541 1513 1584 1553 2.
1645 1509 1805 1553 Consul
1837 1514 1883 1562 0.,
1915 1510 2081 1566 collega

359 1578 489 1621 Plinii
521 1580 595 1634 qui
633 1578 770 1620 fasces
811 1579 924 1634 cepit
952 1577 1040 1620 kal.
1074 1578 1191 1634 Sept.
1226 1579 1307 1620 100
1334 1577 1455 1620 Plin.
1478 1592 1636 1633 10000069.
1670 1582 1737 1629 90,
1779 1593 1841 1634 610.
1871 1581 1911 1630 5,
1942 1582 2008 1630 14,
2038 1582 2078 1625 5.

362 1647 547 1690 Curator
577 1648 674 1689 viae
705 1646 916 1689 Aemiliae
946 1647 1008 1690 000.
1018 1660 1031 1697 ,·
1062 1646 1182 1690 Plin.
1214 1660 1275 1700 610.
1303 1649 1342 1696 5,
1365 1650 1430 1698 14,
1451 1650 1490 1698 1,
1519 1646 1684 1702 collega
1713 1646 1854 1689 dictus
1884 1662 1911 1689 a
1938 1647 2079 1691 Plinio

358 1722 554 1758 curatore
585 1715 699 1758 alvei
730 1715 901 1757 Tiberis
932 1714 1048 1756 Ptin.
1072 1718 1109 1765 7,
1131 1718 1202 1758 21.
1246 1715 1437 1770 Legatus
1465 1730 1543 1771 pro
1574 1730 1638 1771 pr.
1667 1716 1915 1771 provinciae
1943 1715 2078 1773 Aqui-

359 1784 528 1825 tanicae
559 1798 765 1825 censuum
795 1782 1143 1839 accipiendorum
1176 1783 1238 1826 tit.
1281 1783 1472 1838 Legatus
1502 1798 1579 1840 pro
1608 1798 1672 1840 pr.
1695 1784 1872 1826 Traiani
1891 1783 2078 1839 Augusti

359 1853 609 1908 provinciae
630 1853 758 1894 Ponti
785 1858 828 1893 et
847 1851 1080 1907 Bithyniae
1110 1852 1188 1902 000.,
1220 1858 1317 1907 post
1346 1850 1536 1894 Plinium
1563 1865 1600 1894 v.
1624 1852 1862 1895 Mommsen
1884 1851 2031 1898 Herm.
2050 1856 2079 1896 3

359 1935 408 1975 10.
431 1923 487 1962 97
513 1923 599 1962 0000.
659 1919 899 1962 Proconsul
940 1920 1190 1974 provinciae
1230 1919 1390 1974 [Asiae]
1430 1920 1492 1962 tit.
1524 1920 1653 1976 (anno
1682 1923 1818 1971 117ss,
1854 1921 2080 1964 semmdwm

356 1989 724 2031 ratiocinationem
754 1987 1075 2042 Waddinytonii
1106 1988 1239 2041 fastes
1277 2001 1318 2030 n.
1349 1990 1471 2045 123);
1500 1988 1574 2031 sed
1602 1990 1769 2032 omnino
1798 1989 1952 2040 Asiae,
1992 2003 2079 2032 non

358 2056 539 2110 Africae
575 2056 869 2110 proconsulem
911 2070 1002 2097 eum
1045 2056 1177 2109 fnisse
1219 2069 1306 2098 non
1347 2056 1412 2098 0οα
1456 2060 1613 2099 eertum
1656 2059 1746 2114 est).
1825 2057 2079 2114 Supervixit

359 2125 545 2167 Traiano
578 2125 632 2166 ab.
687 2123 757 2166 Ad
782 2138 875 2165 eum
903 2123 1028 2165 datae
1049 2123 1181 2173 Plinii
1207 2138 1268 2178 610.
1293 2127 1330 2174 7,
1351 2127 1421 2167 21.
1443 2127 1510 2175 31,
1542 2139 1642 2167 cum
1672 2140 1756 2181 quo
1787 2124 1939 2168 habuit
1967 2140 2078 2169 com-

358 2207 508 2235 munes
540 2193 698 2234 amicos
730 2192 850 2234 Ptin.
874 2206 936 2246 610.
958 2195 996 2242 4,
1019 2195 1085 2242 17,
1105 2195 1155 2243 9,·
1182 2194 1221 2242 5,
1244 2195 1308 2243 14,
1329 2196 1357 2234 4
1366 2205 1380 2243 ,·
1400 2207 1558 2247 1000069.
1579 2196 1647 2236 90.

273 2262 352 2303 188
383 2261 441 2303 Μ.
459 2260 596 2303 Iulius
617 2260 784 2303 Cottius
806 2259 1020 2314 (3061006006
1039 2263 1068 2303 t.
1086 2260 1346 2315 869003οη003),
1367 2261 1516 2303 Donni
1538 2262 1653 2316 regis
1675 2261 1790 2304 filius
1812 2260 1883 2316 (ef.
1904 2261 1951 2305 D
1965 2261 2075 2317 166),

357 2329 601 2385 praefectus
642 2329 966 2383 Segusinorum‘
994 2328 1261 2384 aliarumque
1303 2330 1543 2371 civitatium
1582 2329 1839 2386 Alpinarum
1873 2330 2078 2373 tredecim

358 2399 453 2451 (rex
472 2397 688 2439 Ammian.
720 2399 785 2447 15,
817 2400 883 2447 10,
914 2397 975 2450 2).
1029 2396 1273 2450 (Cottianae
1307 2398 1504 2439 civitates
1534 2398 1622 2440 XV
1651 2397 1770 2440 Plin.
1799 2398 1838 2440 h.
1871 2412 1912 2443 00.
1935 2401 1975 2449 3,
1997 2401 2078 2442 138

358 2468 412 2520 ef.
434 2468 512 2509 135
522 2479 535 2517 ,·
564 2468 589 2522 ἢ
611 2470 679 2508 τοῦ
700 2465 846 2508 Δόννου
867 2466 1061 2522 λεγομένη
1086 2469 1136 2522 γῆ
1156 2467 1220 2508 καὶ
1240 2467 1266 2522 ἡ
1286 2470 1354 2508 τοῦ
1375 2464 1540 2509 Κοττίου
1562 2466 1720 2510 Strabo
1739 2470 1778 2517 4,
1800 2470 1838 2517 6,
1860 2470 1947 2521 61).
1966 2469 2054 2511 204
2062 2481 2076 2519 ;

358 2535 488 2577 Cottii
518 2548 700 2588 regnum
731 2533 889 2576 Vitrnv.
913 2537 953 2584 8,
974 2537 1012 2584 3,
1036 2537 1093 2575 17
1099 2547 1113 2584 ,·
1143 2534 1259 2576 80060.
1295 2534 1386 2576 Tib.
1414 2533 1499 2588 37).
1553 2533 1750 2588 Augusto
1781 2549 1929 2577 arcum
1957 2535 2076 2578 dedi-

357 2604 472 2646 cavit
494 2602 730 2657 Segusione
751 2616 789 2645 a.
811 2618 853 2644 u.
876 2617 911 2644 e.
930 2602 1055 2644 745!ss
1077 2605 1105 2643 t.
1129 2615 1254 2644 arens
1275 2602 1474 2657 8690030000
1493 2602 1535 2645 V
1549 2605 1670 2646 7231.
1700 2602 1830 2645 Viam
1850 2617 1927 2659 per
1942 2602 2076 2660 Alpes

359 2672 518 2713 struxit
547 2671 763 2713 Ammian.
786 2673 849 2721 15,
877 2675 942 2722 10,
969 2675 1001 2714 2
1030 2669 1120 2724 (qni
1141 2674 1371 2725 praeterea
1399 2671 1563 2714 indicat
1589 2670 1773 2714 Cottium
1801 2672 1923 2715 initio
1954 2686 2078 2715 arma

357 2740 499 2782 tulisse
520 2743 667 2782 eontra
686 2739 936 2794 Anynstnm,
960 2754 1101 2781 errore
1120 2743 1168 2781 000
1186 2739 1361 2790 videtur,
1386 2740 1439 2793 ef.
1458 2740 1693 2782 Mommsen
1712 2739 1825 2782 CIL.
1848 2740 1891 2783 V
1892 2755 1941 2795 10.
1953 2740 2052 2795 808)
2063 2754 2078 2792 ,·

355 2807 602 2864 sepulcrum
624 2809 715 2849 eius
734 2808 971 2862 Segusione
993 2808 1050 2850 ib.
1070 2810 1105 2851 7.
1136 2807 1341 2849 Fortasse
1359 2807 1486 2850 huius
1506 2807 1704 2850 libertus:
1724 2841 1734 2851 .
1753 2841 1762 2850 .
1780 2841 1790 2851 .
1806 2807 1890 2850 lius
1907 2808 2022 2852 Cotti
2042 2809 2074 2852 l.

355 2875 559 2919 Urbanus
590 2875 771 2918 V7262.

274 2945 354 2987 189
385 2945 444 2987 Μ.
474 2943 611 2986 Iulius
642 2943 810 2986 Cottius
841 2944 918 2999 (sie
940 2943 1066 2998 1006006
1095 2943 1223 2998 Dio).·
1263 2945 1300 2985 ei
1342 2943 1550 2987 Claudius
1580 2959 1618 2986 a.
1647 2945 1703 2986 44
1732 2945 2021 3002 principatum
2048 2960 2076 2988 a

358 3020 478 3068 patre
508 3020 731 3069 acceptum
762 3012 984 3068 ampliavit
1013 3018 1055 3054 et
1084 3027 1230 3067 regem
1252 3027 1350 3054 eum
1371 3011 1607 3068 appellavit
1626 3012 1716 3055 Dio
1734 3016 1800 3063 60,
1821 3016 1891 3057 24.
1931 3012 2074 3056 Filius

356 3081 518 3123 videtur
549 3084 623 3123 ant
651 3095 777 3135 nepos
808 3082 896 3123 60003
926 3082 999 3134 qni
1016 3080 1247 3135 praeeedit.
1301 3081 1500 3123 Libertas
1531 3081 1640 3122 eius:
1669 3080 1728 3124 M.
1759 3080 1895 3123 Iulius
1925 3079 2073 3137 Cott[i]

356 3163 445 3203 reg.
477 3149 505 3191 l.
538 3150 661 3190 Paris
692 3152 720 3193 t.
753 3149 983 3203 Seynsinns
1021 3149 1199 3192 V7296.
1258 3148 1475 3191 Defuncto
1516 3163 1564 3190 eo
1603 3149 1719 3191 Nero
1760 3162 1941 3204 regnum
1980 3150 2073 3192 eius

358 3219 399 3258 in
441 3218 689 3272 provinciae
728 3217 909 3259 formam
941 3217 1107 3272 redegit
1137 3217 1252 3260 Suet.
1277 3216 1381 3259 Ner.
1402 3219 1468 3267 18,
1500 3217 1682 3271 Εο00οὉ10.
1716 3220 1752 3268 7,
1774 3220 1839 3268 14,
1859 3219 1898 3268 5,
1932 3216 2074 3260 Victor

354 3284 473 3328 Caes.
494 3288 532 3335 5,
555 3289 597 3336 2,
630 3286 725 3340 epit.
746 3288 785 3336 5,
806 3289 845 3335 4,
877 3285 1162 3340 Hieronymus
1191 3284 1249 3327 ad
1277 3299 1317 3326 a.
1338 3283 1446 3327 Abr.
1469 3286 1594 3327 2081.

274 3353 354 3394 190
384 3352 518 3395 Iulius
541 3353 738 3396 Creticus
769 3353 864 3395 ‘sub
886 3352 1147 3396 Caesaribus
1169 3351 1355 3395 illustres
1377 3367 1530 3394 causas
1551 3352 1653 3408 egit‘
1677 3351 1803 3397 schol.
1824 3351 1917 3395 Iuv.
1938 3355 1982 3404 2,
2005 3354 2069 3395 78.
