2202 3724
240 300 434 335 MANLIA
1097 287 1181 328 330
1829 289 2036 326 MANNVS

244 430 340 471 123η
370 427 530 469 Manlia
560 424 738 478 Fadilla,
772 425 822 466 L.
854 424 895 478 f.‚
929 424 1078 477 regina
1109 436 1327 464 sacrorum
1368 421 1436 463 VI
1457 424 1586 464 2123.
1616 424 1742 464 2124.

245 497 322 538 124
353 502 547 536 MANLIA
593 499 775 534 PONTIA
831 491 958 545 (trad.
1000 491 1186 544 Ποντεία)
1226 496 1456 532 LVCVLLA
1495 495 1751 530 AFRICANA
1796 488 2036 546 (Ἀφρυκανή

325 563 539 615 traditur),
572 576 682 602 uxor
711 560 763 602 A.
795 560 938 602 Pontii
969 560 1073 601 Veri
1104 557 1372 614 proconsulis
1403 557 1549 599 titulus
1579 558 1746 611 positus
1775 571 1804 599 a
1833 558 2039 600 communi

325 629 602 673 Macedoniae
630 627 776 670 C'IGr.
798 626 929 669 199911
960 627 1053 681 (ool.
1075 626 1136 668 II
1149 641 1197 680 p.
1217 628 1308 676 993,
1340 639 1390 667 ex
1419 626 1560 667 Leake
1589 626 1677 667 III
1690 640 1738 679 p.
1758 624 1869 674 319).

243 700 320 741 125
351 704 545 739 MANLIA
579 702 856 738 scANTILLA
899 693 975 747 (sic
1010 695 1171 736 aunam·
1209 697 1247 735 et
1285 694 1355 735 vit.
1386 693 1489 737 Did.
1521 693 1681 735 Iulian.
1711 696 1751 743 8,
1780 696 1848 743 10,
1890 693 2038 735 Mallia

327 764 533 809 Scantilla
555 765 625 805 vit.
649 763 808 807 Iulian.
829 767 867 813 3,
890 767 939 813 4;
968 762 1240 804 Herodianus
1269 765 1308 804 et
1338 762 1530 804 Zosimus
1559 775 1707 803 nomen
1735 774 1819 803 non
1839 763 2036 817 ponunt),

321 848 429 875 uxor
447 833 502 874 M.
522 832 641 873 Didii
664 832 812 874 Severi
835 831 991 873 Iuliani
1011 831 1082 873 vit.
1099 829 1203 872 Did.
1221 830 1381 874 Iulian.
1397 833 1435 880 3,
1451 833 1490 872 4.
1506 832 1546 879 8,
1563 833 1629 872 10.
1661 829 1866 871 Maritum
1888 830 2038 871 incitat

325 901 378 942 ad
410 901 635 956 imperium
667 899 942 942 ambiendum
966 899 1123 941 Herod.
1145 902 1188 949 2,
1210 902 1246 949 6,
1272 902 1300 940 7
1306 912 1319 949 ;
1348 898 1504 941 Zosim.
1525 901 1564 948 1,
1585 901 1623 942 7.
1669 897 1871 952 Augusta
1897 896 2038 953 appel-

327 969 412 1011 lata
442 984 467 1010 a
496 974 647 1010 senatu
676 969 747 1009 vit.
779 967 882 1010 Did.
907 971 944 1010 3.
1005 967 1170 1009 Manlia
1201 966 1409 1010 Scantilla
1437 966 1552 1021 Aug.
1583 966 1743 1008 nummi
1772 980 1841 1020 ap.
1870 965 2038 1008 Cohen2

322 1041 349 1079 3
370 1052 417 1091 p.
443 1040 535 1078 401.
566 1039 663 1080 402.
725 1036 893 1092 Corpus
921 1037 1064 1078 mariti
1096 1037 1134 1077 ei
1165 1050 1416 1077 concessum
1445 1036 1517 1077 vit.
1541 1034 1644 1077 Did.
1665 1037 1704 1078 8.
1761 1033 1829 1076 De
1858 1034 2040 1088 imayine

322 1118 559 1146 marmorea
579 1118 706 1157 quam
725 1104 854 1146 voluit
876 1117 960 1146 esse
982 1104 1217 1147 Scantillae
1237 1103 1347 1146 discit
1366 1103 1416 1148 P.
1438 1103 1495 1146 H.
1529 1102 1714 1145 Visconti
1734 1102 1833 1144 bull.
1859 1100 2037 1145 archeol.

322 1172 575 1227 municipale
604 1175 712 1214 1874
743 1187 791 1226 p.
823 1175 901 1214 131
932 1172 1007 1227 (ad
1036 1173 1120 1214 tab.
1153 1172 1201 1214 X
1228 1172 1299 1226 fiy.
1328 1171 1384 1226 3),
1425 1171 1499 1213 sed
1527 1171 1581 1224 cf.
1610 1170 1657 1213 Ο.
1688 1171 1740 1212 L.
1767 1170 1953 1213 Visconti
1981 1171 2037 1214 ib.

321 1243 428 1283 1884
448 1254 497 1294 p.
518 1243 612 1281 101.

241 1333 320 1374 126
351 1331 549 1385 Marinus,
583 1330 833 1373 Osrhoenus
858 1331 1051 1373 Isidorus
1087 1330 1362 1372 Gharacenus
1402 1330 1570 1385 σταθμοὶ
1611 1329 1807 1386 Ηαρθικοί
1833 1343 1866 1373 c.
1897 1333 1936 1380 1,
1969 1343 2037 1384 ap.

325 1399 508 1442 Mueller
536 1398 688 1454 Geoyr.
718 1398 870 1441 Graec.
896 1400 996 1443 min.
1018 1399 1051 1441 Ι
1065 1414 1113 1453 p.
1135 1402 1231 1452 246,
1263 1399 1338 1441 ubi
1365 1398 1550 1440 traditur
1580 1398 1625 1439 in
1654 1398 1725 1439 via
1755 1412 1782 1439 a
1813 1398 2039 1452 Zeuymate

324 1467 559 1510 Seleuciam
588 1468 719 1521 fuisse
748 1469 995 1524 μαννούορρα
1026 1469 1173 1524 αὐυρήρ
1205 1467 1267 1509 vel
1291 1468 1390 1524 -ρήθ
1417 1467 1609 1523 ὀχύρωμα
1639 1468 1703 1509 καὶ
1733 1469 1872 1523 κρήνη,
1905 1466 2039 1522 leyen-

324 1536 413 1578 dem
435 1549 519 1578 esse
546 1536 708 1580 Μάννου
731 1535 928 1593 Ὀρραίου,
961 1536 1108 1578 deinde
1140 1550 1289 1578 nomen
1319 1535 1412 1586 loci,
1440 1536 1741 1589 praeeuntibus
1771 1535 1871 1578 aliis
1900 1535 2040 1577 docuit

325 1603 576 1646 Gutschmid
618 1604 859 1647 Untersueh.
898 1605 1001 1646 uber
1041 1604 1107 1646 die
1148 1603 1391 1646 Geschichte
1435 1603 1505 1645 des
1543 1603 1824 1658 Koniyreichs
1858 1603 2039 1647 Osroene

323 1672 475 1727 [Me'm.
514 1673 561 1714 de
601 1672 766 1714 l'Acad.
805 1673 854 1715 de
885 1673 948 1716 St.
978 1672 1260 1726 Pe'tersboury
1299 1671 1630 1727 XXXstsr]
1661 1687 1709 1726 p.
1741 1675 1809 1714 23.
1870 1671 2043 1714 Videtur

322 1740 453 1793 fuisse
492 1741 660 1795 reyulus
683 1741 997 1786 ,Osrhoenorum
1039 1741 1293 1795 temporibus
1327 1740 1532 1794 Auyusti,
1565 1755 1615 1783 ex
1646 1740 1825 1783 Mannis
1854 1740 2041 1783 Edessae

322 1809 489 1862 reyi‘bus
525 1823 627 1862 quos
666 1812 847 1851 recenset
885 1808 1119 1864 Dionysius
1155 1808 1528 1858 Telmahariensis,
1571 1809 1718 1851 tertius
1755 1809 1818 1851 vel
1852 1812 2039 1863 quartus,

324 1878 377 1930 cf.
407 1877 655 1919 Gutschmid
684 1878 709 1922 l.
742 1891 774 1922 c.
816 1903 872 1907 —
911 1877 979 1920 De
1018 1878 1072 1920 iis
1103 1877 1304 1927 Mannis,
1348 1890 1449 1931 quos
1471 1880 1572 1931 post
1601 1877 1721 1927 hunc,
1754 1880 1793 1919 et
1823 1880 1920 1920 ante
1949 1891 2041 1919 eum

324 1946 395 1999 qui
421 1946 620 1999 sequitur,
662 1945 846 1988 Edessae
882 1946 1118 2001 regnavisse
1159 1945 1293 1988 tradit
1320 1945 1554 1999 Dionysius
1590 1958 1723 1999 supra
1759 1946 1941 1999 scriptus
1970 1946 2039 2000 (cf.

327 2013 576 2056 Gutschmid
605 2014 630 2058 l.
663 2028 696 2056 c.
729 2029 770 2068 p.
794 2018 830 2057 6.
851 2014 934 2069 49),
968 2014 1084 2068 apud
1113 2014 1371 2067 antiquiores
1401 2016 1591 2055 auctores
1617 2013 1738 2056 nulla
1766 2014 1931 2057 mentio.

241 2082 321 2124 127
353 2082 552 2136 Mannus,
584 2097 663 2124 rex
694 2082 1056 2137 (Osrhoenorum)
1097 2082 1177 2125 sub
1216 2082 1329 2124 divis
1360 2081 1567 2124 fratribus
1596 2082 1757 2124 nummi
1786 2096 1854 2136 ap.
1882 2081 2043 2124 Eckhel

322 2152 361 2199 3,
389 2152 480 2200 513,
521 2150 716 2193 Babelon
744 2165 866 2193 revue
898 2151 1011 2205 helye
1042 2150 1090 2193 de
1118 2164 1231 2192 num.
1262 2152 1378 2193 1892
1398 2164 1446 2204 p.
1467 2153 1559 2191 374.
1590 2152 1683 2200 375,
1715 2150 1912 2204 inscripti
1939 2151 2042 2208 βασι-

326 2219 416 2264 λεὺς
454 2218 616 2264 Μοίννος
659 2222 905 2275 φιλορώμαϊς
945 2219 1020 2274 (sic
1053 2218 1344 2275 plerumque),
1391 2219 1436 2260 in
1477 2218 1617 2271 fronte
1661 2217 1859 2260 habentes
1898 2218 2043 2272 capita

325 2285 389 2329 M.
421 2286 612 2336 Aurelii,
655 2288 703 2328 L.
748 2287 864 2338 Veri,
906 2287 1161 2337 Faustinae,
1202 2286 1418 2337 Isucillae,·
1456 2286 1638 2328 eiusdem
1674 2289 1722 2328 ut
1753 2285 1917 2328 videtur
1946 2288 2043 2327 sunt

323 2355 483 2395 nummi
503 2354 678 2408 Syriaco
707 2356 906 2409 inscripti
930 2356 1096 2397 nomine
1118 2355 1279 2397 Manni
1305 2355 1428 2409 reyis,
1461 2368 1530 2408 ap.
1552 2353 1745 2396 Babelon
1771 2353 1797 2396 l.
1820 2368 1852 2396 e.
1876 2368 1924 2408 p.
1945 2356 2040 2395 380.

325 2422 613 2465 Probabiliter
649 2423 716 2465 hic
757 2424 942 2466 creditur
973 2438 1000 2465 a
1028 2423 1317 2466 Gutschmidio
1347 2422 1534 2474 (Unters.
1566 2423 1668 2464 aber
1699 2422 1764 2464 die
1792 2421 1940 2465 Gesch.
1972 2422 2043 2464 des

326 2490 607 2544 Koniyreichs
647 2491 849 2542 Osroene,
892 2492 1010 2534 Me'm
1065 2492 1114 2534 de
1151 2491 1316 2535 l’Acad.
1351 2491 1401 2533 de
1441 2491 1505 2534 St.
1537 2490 1816 2545 Pe'tersboury
1852 2489 2042 2532 XXXV

325 2561 436 2599 1887
455 2573 502 2612 p.
523 2562 590 2615 30)
620 2560 810 2601 Mannus
831 2561 880 2610 is,
912 2574 1030 2614 quem
1058 2573 1253 2614 reynasse
1275 2559 1461 2601 Edessae
1489 2559 1641 2613 viyinti
1669 2561 1866 2612 quattuor
1896 2571 2041 2608 annos,

329 2626 474 2668 deinde
516 2627 572 2669 ad
609 2628 825 2670 Romanos
863 2642 906 2670 se
946 2628 1189 2678 contulisse,
1223 2617 1375 2682 postea
1414 2640 1623 2669 reversum
1660 2640 1809 2668 rursus
1847 2639 2042 2680 reynasse

327 2708 458 2736 annos
489 2694 701 2737 duodecim
740 2696 873 2738 tradit
901 2698 974 2750 qui
1002 2697 1172 2751 scripsit
1205 2710 1310 2739 saec.
1342 2695 1465 2738 VIII
1487 2698 1659 2737 exeunte
1685 2694 1919 2749 Dionysius
1952 2693 2043 2736 Tel-

325 2762 607 2804 mahariensis
627 2764 711 2818 (ap.
732 2764 946 2818 Sieyfried
965 2768 1003 2806 et
1021 2764 1171 2807 Geleer
1189 2764 1369 2806 Eusebii
1387 2777 1593 2805 canonum
1613 2763 1787 2817 epitome
1806 2777 1855 2816 p.
1877 2765 1947 2805 62.
1968 2765 2044 2813 64;

327 2831 381 2883 cf.
411 2829 660 2873 Gutschmid
689 2831 714 2874 l.
749 2846 781 2873 e.
810 2846 857 2886 p.
880 2835 934 2887 6),
975 2832 1134 2874 scilicet
1170 2835 1219 2874 ut
1255 2832 1493 2886 reynaverit
1524 2831 1576 2873 ab
1619 2845 1658 2872 a.
1688 2833 1769 2872 139
1800 2830 1858 2872 ad
1888 2844 1927 2872 a.
1948 2833 2040 2880 163,

326 2912 354 2939 a
382 2898 558 2940 Parthis
587 2898 739 2952 pulsus
775 2899 870 2941 exul
908 2901 1040 2953 fuerit
1080 2900 1196 2954 apud
1234 2900 1470 2949 Romanos,
1511 2899 1728 2941 restitutus
1767 2913 1795 2940 a
1834 2898 2043 2941 Romanis

325 2980 474 3008 rursus
502 2968 739 3021 reynaverit
769 2969 821 3009 ab
855 2983 893 3012 a.
929 2972 1007 3010 167
1035 2968 1092 3010 ad
1120 2983 1159 3010 a.
1187 2971 1280 3011 179.
1332 2968 1464 3023 (Sane
1493 2966 1726 3021 Dionysius
1754 2967 1863 3009 hunc
1891 2981 2041 3022 reym,

327 3034 399 3077 sed
426 3048 510 3076 non
538 3035 671 3077 solum
700 3035 808 3077 hunc
822 3069 831 3086 ,
869 3036 1030 3089 aliquot
1059 3037 1183 3078 annis
1214 3037 1493 3090 antiquiorem
1521 3035 1659 3090 facit).
1719 3034 1852 3077 Pater
1879 3034 2044 3077 videtur

327 3103 458 3157 fuisse
486 3103 537 3144 L.
567 3102 685 3144 Aelii
716 3102 913 3157 Septimii
940 3104 1110 3157 Abyari
1136 3103 1285 3159 (supra
1312 3103 1356 3146 A
1385 3106 1440 3159 7).

245 3170 324 3213 128
355 3170 552 3224 Mannus‚
586 3170 751 3225 Abgari
781 3172 895 3225 regis
926 3171 1248 3214 Osrhoenorum
1276 3172 1389 3214 filius
1419 3171 1580 3213 nummi
1609 3185 1676 3226 ap.
1703 3169 1864 3213 Eckhel
1882 3173 1921 3220 3,
1944 3172 2039 3221 515,

325 3239 518 3281 Babelon
546 3252 667 3281 revue
708 3238 820 3293 helye
852 3239 900 3281 de
928 3253 1039 3283 num.
1071 3243 1184 3283 1892
1206 3255 1253 3294 p.
1275 3243 1372 3291 521,
1402 3241 1454 3282 ab
1487 3239 1625 3281 altera
1645 3242 1776 3293 parte
1805 3238 2042 3280 eoehibentes

326 3307 497 3361 Abyari
526 3310 652 3361 caput
682 3310 721 3349 et
748 3321 908 3358 nomen,
942 3308 994 3350 ab
1018 3308 1154 3350 altera
1176 3309 1337 3350 Manni
1355 3311 1482 3363 eaput
1501 3311 1539 3350 et
1561 3307 1683 3350 modo
1700 3306 1858 3349 nudum
1880 3319 2040 3356 nomen,

328 3375 449 3418 modo
471 3375 631 3422 Μοίννος
652 3378 762 3429 παῖς;
792 3375 1030 3429 Africanus
1061 3377 1105 3420 in
1132 3381 1282 3419 κεστῶν
1306 3377 1442 3431 capite
1462 3378 1548 3432 περὶ
1570 3375 1710 3433 βέλους
1735 3374 1826 3429 (vet.
1848 3373 2040 3416 mathem-
