2202 3724
213 313 418 348 HERMES
532 299 534 301 ’
1083 304 1165 346 140
1780 310 2016 347 HERODES

300 443 370 497 (ef.
404 442 528 484 iudex
554 440 809 494 Kiessliuqii
826 454 874 493 p.
896 441 1017 496 541);
1048 439 1210 483 Suidas
1235 453 1269 482 s.
1300 454 1335 484 v.
1387 439 1455 482 De
1485 454 1543 490 eo,
1574 441 1672 482 item
1703 441 1752 482 cle
1783 441 1882 483 aliis
1912 442 2018 483 eius-

302 512 389 553 dem
420 510 602 552 nominis
630 509 888 558 rhetoribus,
921 509 974 561 ef.
1007 508 1218 551 Susemihl
1245 508 1392 551 Geseh.
1426 508 1500 550 der
1523 509 1678 563 yri'eele.
1703 510 1942 551 Litteratur
1971 510 2017 551 iu

300 579 372 619 (lor
400 577 796 619 Aleoeauclriuereeit
825 576 887 618 II
901 590 949 629 p.
970 580 1063 618 471.

216 648 292 689 101
327 647 509 687 Hermes
539 644 754 699 gladiator
783 642 939 703 nobilis
971 644 1199 686 Martialis
1226 648 1265 695 5,
1296 648 1366 688 24.

218 716 323 757 101³
352 715 536 756 Hermes
566 712 696 755 Plinii
732 711 911 755 libertus
942 712 1058 755 Pliu.
1090 727 1152 767 ep.
1185 716 1222 763 7,
1254 716 1319 756 11.

230 808 280 812 —
330 782 560 838 [Va]lerius
592 782 792 823 Hermes.

231 876 280 880 —
330 849 580 904 Caecil(ius)
612 850 888 891 Hermianus.

231 944 280 948 ——
326 924 388 960 TI.
421 917 704 972 CL(AVDIVS)
735 924 976 962 HERMIAS.

231 1013 281 1016 ——
329 987 470 1028 Nonia
499 986 629 1028 Arria
659 985 958 1030 Hermionilla.

217 1057 297 1098 102
328 1055 624 1109 Hermogenes
665 1055 828 1096 amicus
871 1054 1067 1108 Serrani,
1110 1054 1290 1109 Vegefi,
1330 1054 1519 1097 Senecae
1560 1067 1726 1096 carmen
1757 1054 1939 1098 Senecae
1977 1057 2025 1096 ut

298 1123 462 1165 videtur
493 1122 805 1165 attri'bueuolum
837 1119 1074 1174 (Baehrens
1104 1122 1260 1164 Poetae
1289 1123 1388 1164 Lat.
1420 1123 1521 1166 mih.
1549 1122 1583 1164 I
1588 1122 1629 1164 V
1639 1137 1688 1177 p.
1711 1122 1799 1177 72).

218 1193 297 1235 103
330 1192 626 1245 Hermogenes
668 1183 929 1245 Tarsensis,
958 1190 1235 1233 historiarum
1273 1192 1476 1246 scriptor,
1524 1191 1688 1232 occisus
1718 1206 1745 1232 a
1773 1191 2024 1233 Domitiano

301 1261 416 1303 Suet.
447 1259 608 1303 Domit.
641 1263 706 1301 10.
773 1259 839 1313 Cf.
872 1259 1058 1301 Mueller
1087 1259 1143 1313 fr.
1175 1259 1272 1303 hist.
1301 1258 1379 1303 Gr.
1410 1259 1500 1301 ΙΙΙ
1514 1274 1561 1313 p.
1580 1261 1677 1302 523.
1794 1310 1796 1312 v

219 1330 299 1371 104
329 1329 637 1382 Hermogenes,
670 1327 860 1369 medicus
890 1327 1102 1369 Hadriani
1133 1327 1220 1370 Dio
1242 1331 1307 1378 69,
1328 1330 1401 1370 22.
1462 1326 1602 1382 (Alios
1632 1326 1813 1370 eiusdem
1841 1326 2024 1369 nominis

299 1397 479 1439 medicos
498 1396 627 1439 habes
645 1395 768 1439 GIG.
784 1399 891 1438 3311
898 1410 911 1448 ;
933 1396 1047 1438 auth.
1063 1395 1160 1438 Pal.
1172 1399 1237 1446 11,
1255 1399 1346 1440 114.
1363 1399 1467 1447 257,
1490 1395 1640 1438 Galen.
1653 1399 1719 1447 11,
1735 1399 1821 1439 432
1835 1394 2022 1450 Kuehu).

217 1468 297 1509 105
328 1465 625 1519 Hermogenes
665 1463 812 1506 rhetor
851 1463 1023 1506 auditus
1065 1479 1091 1506 a
1126 1463 1187 1506 M.
1233 1463 1410 1506 Aurelio
1451 1465 1707 1520 imperatore
1747 1463 1834 1506 Dio
1869 1467 1934 1514 71,
1971 1466 2024 1515 1,-

302 1533 594 1575 Philostratus
612 1533 683 1576 va.
706 1532 821 1586 soph.
842 1535 884 1583 2,
910 1535 946 1574 7.
998 1532 1134 1574 Tarso
1166 1532 1399 1586 oriundus3
1431 1532 1691 1588 procedente
1722 1537 1862 1574 aetate
1892 1530 2023 1573 facul-

299 1608 428 1643 tatem
461 1601 631 1643 dicendi
662 1601 807 1643 amisit
836 1595 1126 1643 Philostratus
1156 1600 1181 1642 l.
1214 1614 1247 1644 c.
1279 1601 1351 1656 (of.
1374 1600 1538 1644 Suidas
1564 1614 1597 1645 s.
1617 1600 1686 1654 v).
1733 1600 1908 1655 Scripta
1937 1599 2026 1641 eius

301 1684 369 1724 ap.
402 1669 611 1712 Walzium
641 1668 847 1710 Rhetores
874 1668 1036 1711 Graeci
1063 1669 1098 1711 I
1112 1683 1159 1723 p.
1182 1672 1208 1711 9
1229 1682 1309 1722 seq.
1341 1669 1429 1711 III
1443 1683 1491 1723 p.
1513 1672 1538 1710 1
1559 1682 1640 1723 seq.

234 1763 287 1767 —
332 1744 383 1781 M.
416 1743 582 1779 IVNIVS
614 1743 975 1779 HERMOGENES.

230 1832 286 1836 —
330 1807 380 1849 L.
413 1806 563 1847 Iunius
595 1805 829 1861 Septimius
861 1806 1003 1848 Verus
1034 1806 1342 1860 Hermogenes,

234 1902 283 1905 —
331 1874 384 1927 Q.
416 1874 608 1916 Marcius
640 1874 948 1928 Hermogenes.

232 1968 289 1973 —
333 1949 384 1984 M.
418 1942 703 1997 CL(AVD1VS)
735 1948 929 1983 VINDEX
956 1948 1233 1984 MACRINIVS
1265 1947 1713 1983 HERMOGENIANVS.

234 2037 284 2041 —-
331 2011 555 2053 Herennia
584 2011 906 2054 Hermonactia.

219 2081 298 2122 106
330 2079 545 2134 Herodes,
584 2085 865 2133 cognomento
894 2080 1080 2135 Magnus
1112 2080 1292 2135 (Ioseph.
1326 2082 1411 2122 aut.
1443 2082 1509 2129 18,
1540 2081 1579 2130 5,
1609 2078 1665 2134 4),
1707 2078 1895 2121 Iudaeae
1935 2092 2027 2121 rex.

301 2147 369 2190 De
399 2161 444 2189 eo
474 2147 676 2202 Iosephus
706 2151 792 2191 aut.
814 2151 878 2198 14,
903 2152 940 2198 9,
963 2151 1138 2199 2-17,
1159 2151 1198 2199 8,
1236 2148 1326 2191 bell.
1358 2151 1396 2198 1,
1424 2151 1491 2198 10,
1512 2148 1688 2202 <ii—flu.
1752 2146 1930 2189 Nummi
1957 2161 2026 2201 ap.

304 2216 496 2259 Maddeu
516 2217 629 2258 coins
651 2217 702 2270 of
716 2216 784 2258 the
805 2216 921 2258 Jeus
941 2216 1080 2272 (1881)
1105 2231 1152 2271 p.
1174 2219 1254 2259 105
1261 2220 1404 2260 —114.
1452 2215 1519 2270 Cf.
1547 2215 1758 2259 Sohuerer
1785 2214 2028 2257 Gesehiehte

304 2285 342 2328 (l.
365 2284 460 2338 jud.
493 2284 646 2327 Volks2
677 2285 711 2327 I
726 2299 773 2339 p.
795 2288 880 2328 294
901 2298 981 2339 seq.
1005 2310 1062 2315 —
1082 2284 1315 2342 Antipatri,
1341 2285 1414 2342 qui
1438 2285 1608 2326 nomine
1629 2284 1825 2340 Hyrcani
1846 2297 2028 2338 regnum

304 2353 491 2395 Iudaeae
512 2353 853 2407 administrabat,
880 2352 1006 2408 filius,
1027 2353 1226 2396 Phasaeli
1251 2352 1385 2395 frater
1404 2354 1547 2395 minor
1561 2352 1725 2407 Ioseph.
1749 2355 1835 2394 aut.
1852 2355 1918 2403 14,
1932 2355 1970 2402 9,
1982 2355 2026 2402 2,

305 2421 395 2464 bell.
419 2425 456 2471 1,
479 2424 544 2471 10,
562 2425 601 2463 4.
649 2421 790 2463 Civem
809 2421 1051 2463 Romanum
1081 2436 1173 2464 eum
1202 2421 1334 2475 fuisse
1349 2421 1576 2476 probabile
1607 2424 1678 2471 est,
1708 2420 1912 2475 siquidem
1941 2421 2028 2462 iam

305 2493 476 2543 patrem
502 2490 590 2531 eius
613 2504 639 2531 a
662 2489 844 2532 Caesare
875 2490 1079 2533 dictatore
1110 2491 1277 2532 civitate
1300 2490 1501 2533 Romana
1531 2490 1732 2532 donatum
1762 2502 1848 2531 esse
1873 2490 2029 2531 narrat

304 2558 387 2599 Ios.
407 2561 492 2599 aut.
512 2561 575 2608 14,
593 2561 633 2608 8,
656 2561 695 2608 3,
720 2558 811 2600 bell.
830 2562 869 2608 1,
893 2562 932 2609 9,
951 2561 978 2601 5
998 2559 1159 2613 (reyum
1180 2573 1229 2601 ex
1247 2559 1380 2613 stirpe
1401 2559 1490 2601 eius
1508 2558 1681 2600 ultimus
1700 2557 1901 2612 Ayrippa
1922 2556 2029 2599 diee-

306 2626 430 2667 batur
443 2626 507 2673 M.
521 2626 685 2677 Iulius,·
700 2626 774 2668 secl
789 2627 899 2668 alius
920 2641 970 2669 ex
991 2628 1080 2669 eius
1093 2628 1279 2682 posteris
1296 2626 1341 2672 C.
1356 2627 1506 2678 Iulius,
1531 2627 1584 2680 ef.
1607 2626 1729 2680 iufra
1748 2626 1823 2668 sub
1846 2624 1892 2668 0.
1914 2624 2029 2667 Iulio

303 2694 531 2748 Ayrippa).
554 2695 668 2737 Vivo
686 2701 808 2750 patre
825 2694 1046 2739 Galilaeae
1067 2695 1311 2751 praefectus
1326 2695 1530 2750 Iosephus
1546 2694 1571 2738 l.
1590 2708 1623 2736 o.
1650 2693 1692 2736 A
1709 2693 1810 2736 Sex.
1829 2693 2028 2747 Caesare,

302 2763 379 2817 qui
411 2763 529 2803 iussu
552 2762 750 2805 Caesaris
781 2763 1002 2806 dictatoris
1033 2763 1203 2820 Syriam
1236 2764 1468 2819 obtinebat,
1499 2770 1542 2805 et
1569 2769 1719 2819 postea
1748 2777 1774 2804 a
1803 2761 1851 2804 C.
1881 2761 2030 2805 Cassio

304 2831 448 2871 nescio
481 2846 593 2887 quae
629 2838 817 2887 potestas
850 2834 894 2881 in
926 2832 1054 2888 Syria
1084 2831 1215 2875 Coele
1246 2833 1284 2874 ei
1315 2833 1541 2874 commissa
1573 2831 1666 2873 bell.
1698 2834 1737 2881 1,
1769 2833 1835 2881 10,
1866 2833 1907 2881 8,
1940 2833 2028 2872 ant.

304 2902 369 2949 14,
392 2902 429 2949 9,
452 2902 490 2949 5,
525 2899 617 2943 bell.
647 2903 686 2950 1,
708 2903 773 2950 11,
795 2904 834 2951 4,
868 2903 954 2943 aut.
986 2904 1052 2951 14,
1078 2903 1142 2951 11,
1164 2904 1203 2943 4.
1263 2900 1500 2942 Malichum
1539 2900 1674 2956 patris
1711 2897 2031 2941 interfectorem
2055 2904 2057 2907 ’

307 2982 329 3007 e
360 2966 500 3008 medio
532 2967 644 3010 tollit
665 2971 750 3011 aret.
772 2972 837 3019 14,
859 2972 925 3020 11,
948 2972 985 3020 6,
1020 2968 1111 3013 bell.
1134 2972 1172 3019 1,
1195 2971 1261 3019 11,
1282 2971 1322 3011 8.
1371 2970 1476 3011 Post
1497 2981 1688 3024 pugnam
1709 2965 2031 3024 Philippensem

306 3035 466 3077 frustra
486 3043 712 3078 accusatus
734 3037 850 3093 apud
871 3037 931 3079 M.
953 3036 1203 3091 Antonium,
1225 3036 1427 3079 defensus
1450 3051 1476 3078 a
1496 3035 1554 3078 M.
1576 3034 1790 3091 Messalla,
1814 3034 2032 3078 tetrarcha

307 3103 493 3146 Iudaeae
526 3106 804 3147 constituitur
836 3109 922 3149 aut.
955 3109 1024 3156 14,,
1042 3108 1108 3156 13,
1131 3109 1179 3156 1,
1213 3105 1304 3149 bell.
1336 3108 1374 3156 1,
1397 3107 1466 3155 12,
1487 3107 1536 3149 5..
1586 3104 1695 3147 Cum
1726 3103 1877 3147 Parthi
1906 3103 2030 3146 Anti-

304 3186 465 3225 gonum
506 3173 549 3214 in
591 3187 774 3227 regnum
808 3173 999 3216 Iudaeae
1030 3173 1304 3228 reducerent,
1346 3187 1475 3228 aegre
1515 3173 1674 3227 evasit3
1712 3173 1888 3215 Romam
1930 3185 2030 3214 cum

306 3240 592 3295 confugisset,
634 3257 660 3283 a
700 3248 851 3284 senatu
891 3257 969 3284 rex
1009 3241 1249 3298 appellatus
1280 3247 1345 3283 est
1376 3244 1463 3284 aut.
1493 3244 1558 3291 14,
1581 3244 1645 3291 14,
1666 3243 1706 3291 4,
1739 3240 1831 3283 bell.
1853 3243 1891 3291 1,
1914 3243 1979 3291 14,
2000 3243 2027 3282 4

306 3309 359 3361 ef.
382 3309 572 3362 Appiam.
605 3310 642 3351 b.
675 3323 708 3354 c.
737 3313 777 3361 5,
810 3313 873 3355 75.
933 3311 982 3352 In
1015 3309 1219 3353 Iudaeam
1251 3309 1402 3364 redux,
1435 3315 1531 3366 post
1560 3310 1703 3351 varios
1733 3315 1916 3351 eventus
1947 3322 2029 3364 ope

309 3375 357 3418 C.
376 3376 487 3419 Sosii
509 3378 813 3433 Hierosolyma
835 3385 1058 3434 expugnat
1078 3379 1134 3433 (a.
1158 3394 1198 3423 u.
1215 3393 1253 3420 c,
1268 3379 1370 3433 717)
1401 3377 1565 3432 Ioseph.
1588 3380 1674 3419 ant.
1699 3380 1764 3427 14,
1780 3379 1846 3427 16,
1862 3379 1905 3426 2,
1928 3375 2023 3419 bell.
