2202 3724
237 314 432 349 MARciA
1097 305 1180 361 342
1766 311 2042 348 MAREADES

242 376 778 383 -Ῑῌ--ῥ-ῌ-

325 445 411 486 eius
437 444 483 484 in
510 441 697 495 sepulcro
727 440 941 482 Antoniae
970 439 1198 481 Furnillae
1228 439 1379 481 relicta
1413 438 1483 494 (cf.
1514 439 1665 494 infra).
1725 441 1834 483 Eam
1864 456 2043 483 uxorem

326 512 451 553 duxit
471 510 595 551 Titus
617 508 805 550 nondum
829 508 1111 564 quaestoriUS,
1143 522 1245 549 mox
1270 506 1440 549 sublata
1459 507 1549 549 filia
1570 508 1747 551 dimittit
1768 508 1883 551 Suet.
1906 509 1987 551 Tit.
2004 514 2042 552 4.

323 579 514 620 Marciae
554 577 643 617 divi
684 577 771 618 Titi
811 591 959 618 servus
998 576 1043 617 in
1079 575 1281 629 sepulcri,
1333 576 1402 618 cui
1438 579 1573 618 mater
1611 576 1736 619 illius.
1766 577 1904 619 inlata
1938 581 2043 628 erat,

325 647 494 700 pariete
524 659 672 687 nomen
698 659 818 687 suum
848 645 1075 699 inscripsit,
1101 644 1269 687 Notizic
1290 644 1401 699 cleyli
1423 645 1538 686 soavi
1556 647 1666 687 1880
1687 659 1736 699 p.
1758 648 1838 687 130
1859 646 1943 688 tab.
1965 646 2045 689 IV

324 717 393 768 fil]-
424 718 461 756 4.

251 808 307 811 —
354 781 605 836 [VAL]ER1A
635 780 859 835 MAR[GIA]
891 786 1127 822 HOSTILIA
1159 786 1390 822 CRISPINA
1420 787 1614 823 MOEOIA
1646 787 1914 826 CORNELIA.

241 851 320 892 195
351 855 543 890 MAROIA
566 854 799 889 OTACILIA
821 854 1019 890 SEVERA
1040 854 1280 890 AVGVSTA.
1333 848 1408 891 Sic
1418 848 1545 903 plene
1563 850 1734 900 nummi,
1763 850 1818 903 cf.
1839 850 2000 892 Eclchel
2020 854 2048 893 7

323 932 371 971 p.
391 919 476 959 332
506 919 544 957 et
574 915 739 958 Cohen2
769 918 795 958 5
816 930 863 970 p.
893 919 985 959 133.
1016 919 1096 958 143
1125 930 1217 970 seq„
1250 916 1441 970 titulique
1469 930 1554 958 non
1572 917 1718 971 pauci,
1747 917 1822 959 scol
1848 918 2047 960 Marciae

323 984 571 1026 vocabulum
590 984 800 1026 interdum
824 985 1028 1026 scribitur
1046 985 1182 1030 Marc.
1202 985 1266 1026 vel
1286 985 1359 1038 M.‚
1388 985 1599 1027 interdum
1628 986 1858 1037 omittitur,·
1887 986 2046 1044 Σεβῆρα

320 1053 532 1095 Eusebius
570 1052 610 1094 h.
643 1052 741 1100 eccl.
774 1055 810 1102 6,
847 1055 912 1102 36,
955 1054 1030 1106 qui
1065 1053 1178 1095 solus
1218 1067 1268 1095 ex
1306 1053 1584 1107 scriptoribus
1623 1067 1714 1095 eam
1743 1057 1959 1098 memorat.
1993 1079 2046 1083 —

326 1120 497 1163 Coniux
517 1120 577 1162 M.
599 1119 699 1162 Iulii
723 1119 913 1176 Philippi
933 1120 1046 1175 Aug.
1079 1121 1248 1171 nummi,
1283 1121 1408 1171 tituli,
1439 1121 1671 1172 Eusebius,·
1700 1127 1837 1163 mater
1857 1121 2046 1178 Philippi

325 1190 502 1230 iunioris
525 1188 640 1230 tituli
659 1187 810 1240 (VIII
822 1191 935 1231 8323
955 1190 1009 1243 cf.
1031 1192 1179 1239 10077,
1211 1189 1322 1243 Eph.
1346 1204 1408 1244 ep.
1432 1193 1469 1240 7,
1490 1191 1602 1246 594).
1654 1189 1817 1244 Nupsit
1842 1189 2047 1244 Philippo

327 1260 422 1298 ante
453 1271 491 1298 a.
517 1259 614 1306 238,
646 1257 686 1298 si
712 1270 806 1299 vere
835 1257 952 1311 filius
982 1271 1125 1299 eorum
1155 1258 1313 1299 occisus
1342 1260 1402 1300 est
1432 1272 1470 1302 a.
1492 1261 1577 1301 249
1608 1271 1735 1312 ayens
1762 1272 1919 1300 annum
1938 1258 2048 1300 vitae

326 1325 611 1367 duodecimum
642 1325 712 1379 (cf.
733 1325 809 1367 sub
833 1325 898 1369 M.
923 1325 1037 1368 Iulio
1059 1325 1264 1380 Philippo
1291 1325 1486 1377 Caesare,
1518 1340 1651 1381 supra
1670 1327 1704 1369 I
1715 1329 1827 1383 308).
1873 1326 2050 1368 Nummi

326 1393 613 1435 Alexandrini
632 1394 720 1435 eius
746 1408 774 1435 a
789 1394 934 1448 primo
955 1408 1067 1436 anno
1089 1394 1289 1449 Philippi
1315 1408 1443 1448 usque
1468 1394 1526 1437 acl
1554 1398 1780 1437 extremum
1797 1394 2046 1449 procedunt.

327 1463 485 1504 Fertur
515 1461 716 1516 Origenis
747 1462 930 1518 epistula
960 1462 1015 1504 ad
1047 1478 1141 1504 eam
1171 1463 1328 1505 Euseb.
1359 1463 1399 1507 h.
1428 1463 1523 1505 eccl.
1546 1466 1583 1513 6,
1604 1466 1670 1505 36.

245 1531 324 1572 19ss
354 1536 547 1571 MARCIA
590 1535 823 1571 POSTVMA
863 1536 1118 1572 MESSENIA
1153 1536 1370 1572 LVCILLA
1400 1536 1616 1571 AEMILIA
1647 1531 1695 1573 P.
1727 1530 1778 1585 f.,
1811 1529 2048 1574 clarissima

327 1597 486 1639 femina
517 1598 663 1640 titulus
694 1597 938 1640 Valentinus
968 1599 1210 1652 Hispaniae
1240 1599 1301 1641 II
1321 1601 1443 1641 3740.

245 1667 324 1709 197
356 1672 549 1708 MARCIA
579 1672 769 1708 TARRIA
799 1672 1016 1708 PLOTINA
1046 1666 1309 1708 clarissimae
1328 1667 1562 1709 memoriae
1581 1666 1752 1723 femina,
1783 1667 1896 1709 vixit
1924 1668 2048 1710 annis

329 1735 439 1777 XVI
470 1734 621 1777 diebus
651 1735 707 1789 X,
741 1735 945 1777 defuncta
975 1735 1271 1790 duodeviginti
1303 1735 1456 1777 diebus
1485 1741 1584 1778 ante
1615 1750 1803 1778 sororem
1832 1736 2049 1790 geminam

328 1803 508 1845 Luciam
529 1803 743 1845 Liciniam
758 1802 983 1846 Urbanam
1005 1807 1033 1848 t.
1054 1804 1245 1846 urbanus
1266 1803 1365 1846 bull.
1388 1803 1604 1846 comunale
1624 1806 1733 1847 1880
1745 1819 1793 1858 p.
1814 1807 1872 1847 24
1891 1818 1934 1848 n.
1955 1807 2049 1848 185.

248 1939 327 1981 198
358 1940 666 1994 Marcomarus‚
699 1955 777 1981 rex
807 1941 1032 1983 nationum
1064 1939 1346 1982 barbararum
1376 1955 1484 1997 quas
1506 1941 1605 1997 imp.
1628 1941 1688 1984 M.
1710 1940 1916 1983 Aurelius
1946 1942 2051 1984 vicit

330 2007 471 2051 Victor
498 2007 616 2050 Caes.
644 2011 708 2058 16,
736 2011 802 2050 11.

248 2077 328 2118 199
358 2076 544 2130 Marcus,
563 2075 804 2118 Alexandri
824 2076 1081 2119 alabarchae
1100 2076 1225 2132 filius,
1250 2077 1479 2119 Berenices
1496 2077 1645 2132 (supra
1660 2078 1694 2120 I
1700 2080 1811 2134 431),
1829 2077 2050 2135 Agrippae

330 2146 443 2200 regis
474 2145 600 2196 filiae,
632 2147 811 2188 maritus
841 2147 1008 2202 primus
1034 2145 1199 2200 Ioseph.
1223 2149 1309 2188 ant.
1330 2149 1397 2196 19,
1418 2148 1457 2196 5,
1480 2149 1518 2187 1.

248 2215 330 2256 200
360 2213 567 2256 *Marcus
599 2213 888 2270 philosophus,
922 2213 977 2255 ad
1008 2214 1209 2256 nuntium
1229 2214 1283 2255 de
1305 2213 1515 2258 Gordiani
1547 2220 1683 2256 morte
1708 2215 1870 2257 Romae
1890 2213 2052 2258 Caesar

332 2297 357 2323 a
377 2288 528 2323 senatu
548 2288 717 2324 creatus
739 2283 969 2338 statimque
991 2282 1221 2324 defunctus
1239 2282 1435 2325 Zonaras
1451 2285 1522 2332 12,
1539 2285 1593 2325 18
1609 2281 1755 2334 (etiam
1772 2297 1800 2324 a
1817 2281 2003 2326 Oeolreno
2017 2283 2052 2326 I

332 2364 379 2403 p.
403 2352 483 2392 451
510 2350 571 2392 ecl.
602 2350 740 2394 Bonn.
773 2354 1041 2392 enumeratur
1072 2351 1253 2393 Marcus
1282 2351 1514 2405 imperator
1544 2364 1634 2392 cum
1665 2350 1764 2393 aliis
1794 2351 1904 2393 inter
1942 2350 2052 2394 Gor-

333 2418 506 2459 dianum
536 2422 574 2461 et
603 2418 864 2473 Philippum,
907 2419 1015 2470 item,
1051 2422 1100 2461 ut
1128 2419 1333 2461 indicavit
1358 2419 1464 2460 milii
1491 2418 1739 2470 Mommsen,
1774 2420 1820 2461 in
1851 2419 2052 2463 laterculo

334 2487 511 2540 quodam
539 2488 842 2541 imperatorum
870 2487 1020 2530 hausto
1046 2502 1097 2530 ex
1126 2488 1334 2530 chronicis
1355 2487 1553 2530 Malalae
1573 2488 1760 2542 inteyris,
1793 2489 1847 2541 cf.
1870 2487 2051 2531 chronic.

333 2555 482 2596 minor.
513 2555 590 2597 vol.
612 2556 700 2597 III
691 2555 729 2609 ).

263 2647 318 2653 -—
362 2630 402 2666 P.
435 2629 613 2664 AELIVS
645 2630 896 2666 AELIANVS
928 2630 1227 2666 AROHELAVS
1258 2630 1473 2667 MARCVS.

263 2715 318 2720 —
362 2691 414 2732 Iu
432 2723 441 2731 .
459 2723 469 2733 .
486 2690 613 2732 udius
645 2692 961 2747 (Iu[c]u[n]dius
973 2692 1014 2746 ‘.>)
1044 2693 1231 2736 Marcus.

264 2782 320 2788 ——
363 2761 616 2800 *MARTIVS
647 2766 810 2802 IVLIVS
842 2767 1056 2803 MARCVS.

252 2828 330 2868 201
365 2826 590 2868 Mareades
623 2828 698 2881 (sic
728 2827 866 2870 Amm.
898 2829 1039 2871 Marc.
1069 2832 1140 2879 23,
1170 2832 1209 2879 5,
1238 2832 1278 2881 3,
1309 2828 1525 2870 Mariades
1558 2828 1775 2879 Malalas,
1807 2827 2054 2869 Mariadnes

336 2893 491 2936 Dionis
507 2895 801 2949 continuator),
823 2897 913 2937 sive
931 2896 1139 2952 Cyriades
1157 2898 1253 2951 triy.
1267 2900 1346 2951 tyr.
1359 2896 1486 2951 (quod
1499 2896 1609 2938 idem
1627 2899 1697 2947 est,
1716 2897 1770 2950 cf.
1784 2895 2056 2940 S.Fraenlcel

334 2961 519 3003 Hermae
538 2962 615 3004 vol.
631 2967 693 3005 22
703 2978 751 3017 p.
766 2964 874 3018 649),
903 2971 1024 3020 patre
1046 2964 1234 3020 Cyriade
1254 2965 1351 3019 triy.
1375 2968 1453 3019 tyr.
1468 2968 1511 3014 2,
1530 2968 1569 3015 1,
1597 2965 1705 3006 civis
1720 2963 2052 3018 Antiochiensis,

337 3031 457 3072 curia
477 3031 635 3072 eiectus
659 3031 773 3087 quod
794 3034 1022 3087 pecuniam
1042 3033 1263 3089 publicam
1283 3034 1510 3075 avertisset
1533 3032 1730 3075 Malalas
1751 3032 1777 3075 l.
1799 3032 1907 3074 XII
1912 3033 2055 3087 p.295

339 3098 400 3142 ed.
431 3098 569 3140 Bonn.
612 3098 628 3149 (
634 3105 815 3154 ‘patrem
854 3099 1046 3155 fugiens,
1089 3115 1188 3142 cum
1227 3100 1404 3143 luxuria
1443 3115 1522 3142 sua
1562 3107 1604 3142 et
1641 3100 1833 3142 moribus
1876 3098 2056 3155 perditis

339 3172 534 3208 sanctum
565 3181 708 3207 senem
738 3175 953 3220 gravaret‘
988 3169 1083 3222 triy.
1116 3168 1225 3223 tyr),
1257 3169 1314 3211 ad
1335 3169 1491 3210 Persas
1522 3169 1693 3210 transiit
1722 3182 1881 3224 eosque
1907 3173 2057 3209 contra

337 3234 610 3277 Antiochiam
632 3235 757 3277 duxit
779 3236 975 3278 Malalas
1007 3238 1033 3279 l.
1056 3251 1103 3287 c.,
1135 3238 1231 3291 triy.
1264 3241 1342 3292 tyr.
1373 3241 1416 3288 2,
1438 3236 1654 3279 Ammian.
1676 3240 1746 3287 23,
1767 3239 1806 3286 5,
1827 3239 1866 3286 3,
1898 3235 2055 3278 Dionis

339 3304 605 3346 continuator
623 3304 699 3345 sub
722 3304 948 3347 Valeriano
970 3304 1080 3359 (Dio
1107 3305 1146 3347 V
1151 3320 1198 3359 p.
1210 3308 1297 3348 218
1317 3305 1378 3348 ed.
1395 3305 1628 3361 Dindorf).
1659 3304 1798 3361 Capta
1822 3302 2057 3346 Antiochia

337 3387 363 3413 a
385 3371 557 3427 Sapore,
581 3377 729 3428 utpote
748 3371 952 3428 proditor,
978 3373 1143 3414 occisus
1167 3373 1375 3423 Malalas,
1397 3372 1613 3415 Ammian.
1637 3372 1662 3417 l.
1685 3386 1720 3418 c.
1736 3396 1793 3402 —-
1809 3370 2057 3414 ‘Antiochia
