2190 3724
267 319 447 357 FVRIVS
1132 310 1213 352 lOO
1887 314 2067 352 FVRIVS

267 451 350 494 398
380 449 538 492 Furius
568 447 812 490 Anthianus
855 443 1027 501 (”Ανῦος
1065 446 1151 503 ἤτοι
1179 446 1335 503 Φώριος
1359 443 1572 492 Ἀνθιανὸς
1601 443 1746 500 index)
1788 450 1935 488 auctor
1963 446 2069 488 iuris

351 518 453 572 Dry.
474 520 516 568 2,
539 519 603 567 14,
629 518 695 558 62.
725 519 764 566 4,
785 518 823 566 3,
846 519 913 559 40.
945 518 982 565 6,
1005 518 1043 566 1,
1065 517 1133 565 80,
1164 515 1263 556 item
1293 513 1420 556 index
1444 513 1718 569 Diyestorum
1747 513 1945 559 Florent.
1994 514 2070 557 In-

352 589 508 628 certum
536 584 703 638 quanclo
733 583 898 626 vixerit.

268 654 352 697 399
382 654 432 697 L.
464 654 622 695 Furius
654 651 881 706 Camillus,
913 651 973 694 M.
1000 651 1051 705 f.‚
1091 651 1204 693 vixit
1239 665 1374 693 annos
1403 651 1515 693 XVI
1555 650 1618 706 (in
1653 664 1826 693 numero
1864 664 2071 694 annorum

354 724 545 763 auctores
582 720 770 777 variant)
811 719 880 762 VI
901 721 1052 764 18752.
1112 718 1345 773 Boryhesio
1387 716 1499 774 (opp.
1529 721 1554 762 5
1585 733 1634 773 p.
1659 718 1760 773 245)
1790 719 1927 762 iuolioe
1956 719 2072 774 filius

355 790 421 833 M.
452 788 584 831 Furii
609 787 784 831 Camilli
811 788 899 830 eius
929 788 1001 841 qui
1028 787 1227 841 sequitur.

268 859 352 902 400
381 865 433 902 Μ.
464 864 645 900 FVRIVS
678 862 927 899 eAM1LLVs
960 856 1239 911 (praenomen
1269 855 1463 898 exhibent
1498 855 1604 909 fasti·
1629 854 1783 910 Capit„
1815 854 1904 898 Dio
1932 857 1997 906 55,
2019 858 2074 898 33

353 929 394 969 et
421 926 521 976 ind„
552 925 756 976 Cassiod„
788 925 863 967 sub
896 924 1114 967 consulatu
1144 925 1232 966 eius
1252 938 1291 966 a.
1305 938 1353 978 p.
1384 922 1488 968 Chr.
1509 925 1567 980 8),
1598 923 1658 966 Μ.
1689 923 1718 967 f.
1740 922 1827 966 Dio
1849 923 1936 966 incl.
1959 923 1985 968 l.
2005 926 2071 975 55,

353 997 402 1038 P.
443 994 472 1037 f.
514 995 623 1048 fasti
666 993 829 1049 Capit„
875 994 925 1036 P.
963 1008 1005 1035 n.
1045 993 1151 1047 fasti
1190 991 1295 1047 Cap.
1369 992 1439 1034 Ex
1478 998 1606 1047 gente
1644 991 1814 1035 Camilli
1854 991 2074 1034 dictatoris

359 1063 456 1107 Tac.
490 1077 529 1105 a.
564 1066 606 1113 2,
637 1064 708 1106 52.
769 1060 932 1105 Consul
969 1060 1060 1117 ord.
1091 1076 1128 1103 a.
1161 1076 1202 1117 p.
1234 1060 1282 1103 C.
1314 1061 1340 1102 8
1371 1075 1471 1102 oum
1502 1060 1602 1103 Sex.
1633 1060 1774 1102 Nonio
1806 1059 2072 1113 Quintiliano

352 1131 471 1187 fasti.
536 1129 775 1173 Proconsul
815 1129 991 1172 Africae
1029 1145 1066 1173 a.
1101 1130 1152 1172 17
1183 1128 1502 1172 Tacfarinatem
1542 1128 1677 1183 fudit3
1719 1127 1773 1171 ob
1812 1128 1858 1171 id
1898 1134 2074 1172 ornatus

355 1199 613 1242 ornamentis
644 1198 978 1255 triumphalibus
1004 1198 1102 1241 Tac.
1135 1198 1161 1242 l.
1190 1211 1223 1240 o.
1255 1198 1309 1252 cf.
1340 1198 1397 1240 ib.
1427 1200 1466 1249 3,
1497 1201 1568 1241 20.
1599 1200 1669 1241 21.
1719 1196 1880 1240 Frater
1898 1196 2075 1240 Arvalis

353 1268 449 1323 fuit,
481 1269 605 1322 inque
632 1267 821 1322 defuncti
850 1267 939 1309 eius
970 1266 1105 1309 locum
1128 1267 1204 1309 sub
1233 1265 1433 1321 Caligula
1451 1266 1567 1321 filius
1590 1265 1656 1308 M.
1678 1265 1843 1309 Furius
1869 1264 2075 1309 Camillus

352 1338 623 1387 substitutus,
665 1337 704 1378 si
730 1339 839 1378 reete
870 1335 1158 1378 Mommsenus
1189 1333 1351 1387 (Herm.
1382 1337 1409 1376 3
1428 1348 1478 1389 p.
1499 1337 1580 1376 133
1606 1337 1692 1377 not.
1712 1336 1756 1392 8)
1788 1333 1922 1377 lOoum
1951 1348 2074 1388 quen-

355 1406 453 1448 dam
488 1406 681 1448 mutilum
714 1408 903 1447 actorum
937 1402 1033 1456 (VI
1054 1407 1166 1447 2031
1195 1417 1232 1446 υ.
1254 1407 1320 1454 10,
1354 1417 1422 1458 αφ.
1445 1403 1617 1446 Henzen
1647 1406 1727 1446 aot.
1758 1402 1862 1445 Arv.
1883 1417 1931 1458 p.
1953 1401 2072 1457 LII)

352 1475 569 1529 supplevit.
590 1499 648 1504 —
667 1474 740 1516 Ea:
767 1473 891 1515 huius
922 1476 998 1515 aut
1027 1487 1077 1515 ex
1105 1473 1188 1528 filii
1217 1472 1408 1526 familia:
1438 1470 1673 1514 Thalamus
1694 1472 1753 1516 M.
1775 1472 1883 1514 Furi
1904 1470 2075 1515 Camilli

354 1542 409 1586 ab
441 1542 555 1586 horr.
589 1542 658 1585 VI
677 1545 796 1592 9469,
828 1542 887 1583 Μ.
919 1542 1077 1584 Furius
1110 1539 1279 1584 Camilli
1310 1540 1336 1582 l.
1368 1540 1589 1583 Eudemus
1626 1540 1694 1583 VI
1715 1542 1864 1583 18768.
2099 1542 2103 1546 '

268 1611 350 1654 401
382 1618 434 1655 Μ.
474 1617 655 1653 FVRIVS
698 1616 948 1652 GAMILLVS
990 1610 1125 1652 frater
1163 1608 1359 1665 Arvalis,
1399 1608 1521 1651 adest
1558 1610 1604 1651 in
1634 1608 1812 1664 collegio
1843 1624 1881 1651 a.
1907 1609 1962 1652 38
1993 1613 2074 1652 aot.

348 1679 454 1722 Arv.
522 1678 743 1734 Cooptatio
787 1679 875 1721 eius
918 1678 1083 1721 videtur
1125 1678 1355 1720 memorari
1391 1678 1438 1720 in
1473 1678 1711 1732 fraymento
1751 1680 1957 1729 actorum,
2005 1692 2075 1733 ap.

354 1747 527 1791 Henzen
546 1762 596 1802 p.
618 1747 719 1789 LII
739 1746 808 1802 (Ο.
841 1746 909 1790 VI
930 1748 1072 1804 2031),
1105 1747 1158 1800 ef.
1192 1746 1429 1789 Mommsen
1458 1745 1604 1790 Herm.
1624 1748 1652 1787 3
1671 1760 1721 1800 p.
1742 1748 1823 1788 133
1850 1749 1937 1789 not.
1957 1748 1998 1788 8.
2019 1770 2078 1777 -

354 1816 499 1859 Filius
536 1819 584 1858 ut
620 1815 786 1858 videtur
824 1815 913 1859 eius
951 1815 1024 1870 qui
1051 1814 1293 1870 praeeedit,
1339 1816 1478 1869 frater
1516 1815 1699 1868 fortasse
1736 1813 1870 1857 Furii
1903 1813 2080 1859 Camilli

357 1883 646 1929 Scriboniani.

282 1977 341 1985 -—-
383 1959 563 1996 FVRIVS
604 1959 854 1995 CAMILLVS
898 1958 1263 1994 SCRIBONIANVS
1303 1965 1340 1994 v.
1382 1952 1432 1994 L.
1464 1951 1699 1994 Arruntius
1731 1951 1938 1995 Camillus
1966 1951 2078 1995 Scri-

354 2021 578 2064 bonianus.

269 2091 354 2134 402
382 2090 541 2132 Furius
563 2089 713 2133 Celsus
735 2104 803 2132 res
829 2104 1033 2145 prospere
1061 2089 1194 2144 gessit
1214 2089 1258 2130 in
1279 2088 1551 2132 Mauretania
1570 2089 1806 2144 Tingitana
1825 2088 2076 2132 Alexandro

355 2159 593 2214 imperante
622 2159 692 2207 vit,
713 2157 957 2200 Alexandri
979 2159 1045 2200 58.
1107 2157 1282 2199 Videtur
1309 2157 1441 2211 fuisse
1460 2161 1720 2212 procurator
1755 2158 2018 2213 Tinyitanae.

271 2228 355 2270 403
386 2233 427 2270 o,
448 2233 627 2269 FVRIVS
649 2232 963 2269 OCTAVIANVS
987 2223 1264 2280 (praenomen
1285 2229 1345 2267 est
1365 2226 1454 2268 ΙΙΙ
1472 2226 1519 2269 S.
1540 2229 1662 2269 8169.
1693 2226 1772 2269 IX
1784 2229 1867 2268 338
1876 2240 1890 2278 ;
1917 2227 2079 2270 Furius

360 2294 568 2338 Octavius
598 2296 655 2349 fr.
684 2294 795 2349 Vat.)
817 2294 1080 2336 clarissimus
1100 2295 1179 2349 vir⁷
1203 2300 1410 2350 patronus
1432 2294 1751 2338 Canusinorum
1771 2310 1808 2339 a.
1830 2296 1914 2338 223
1935 2295 2079 2338 album

359 2362 521 2406 ordinis
548 2362 757 2406 Canusini
774 2363 856 2405 IX
871 2365 965 2407 338.
1008 2361 1169 2406 Consul
1190 2363 1417 2418 (suffectus
1438 2379 1477 2405 a.
1498 2364 1614 2419 ine),
1645 2363 1844 2420 pontifex
1875 2363 1942 2407 VI
1953 2367 2076 2409 1423.

356 2431 399 2475 Α
428 2446 552 2473 servo
583 2432 674 2474 eius
704 2432 749 2473 in
777 2431 943 2474 Moesia
972 2432 1138 2488 positus
1174 2430 1323 2474 titulus
1353 2432 1443 2475 III
1466 2431 1512 2475 S.
1534 2435 1671 2484 8238,·
1707 2447 1786 2489 pro
1818 2432 1955 2475 salute
1986 2434 2077 2476 eius

362 2500 598 2542 ‘Fortunae
629 2506 829 2542 aeternae
859 2499 1012 2542 domus
1042 2500 1289 2555 Furianae²‚
1335 2501 1533 2556 ‘pecunia
1563 2499 1818 2543 Octaviana‘
1852 2501 1897 2542 in
1928 2500 2078 2544 eadem

358 2568 533 2623 regione
554 2568 717 2624 positus
739 2567 890 2610 titulus
911 2568 999 2611 III
1020 2568 1066 2612 S.
1088 2571 1220 2620 8169,·
1248 2568 1412 2611 violetur
1441 2569 1573 2623 iyitur
1592 2568 1781 2623 praedia
1809 2568 2005 2612 habuisse
2032 2571 2078 2613 in

357 2637 436 2679 illa
468 2637 647 2691 reyione.
704 2637 910 2691 Leyatum
941 2637 1133 2679 Moesiae
1162 2637 1400 2691 superioris.
1423 2651 1514 2679 eum
1551 2637 1683 2690 fuisse
1718 2638 1960 2692 suspicatur
1987 2637 2077 2681 Do-

358 2704 649 2748 maszewskius
680 2704 737 2746 acl
765 2705 854 2746 III
876 2704 922 2748 S.
944 2707 1065 2749 8169.
1125 2705 1266 2746 Mater
1293 2704 1429 2747 Furia
1459 2704 1649 2747 Caecilia
1679 2704 1747 2748 VI
1768 2708 1893 2749 1423.
1925 2731 1976 2736 —-
2006 2707 2078 2749 De

358 2773 527 2816 Aloimo
557 2772 713 2815 liberto
753 2779 946 2815 materno
982 2774 1073 2815 eius
1112 2772 1322 2827 Ulpianus
1349 2773 1504 2827 fraym.
1538 2773 1631 2816 Vat.
1663 2776 1754 2817 220
1784 2773 1838 2827 cf.
1869 2773 2080 2830 Boryhesi

360 2856 454 2896 opp.
474 2844 501 2883 3
521 2855 569 2895 p.
593 2844 676 2884 121
686 2854 700 2892 ‚·
729 2841 980 2895 Hirschfeld
1008 2841 1066 2884 acl
1092 2840 1248 2885 IIIS.
1268 2843 1390 2885 8169.

274 2910 360 2953 404
390 2909 438 2953 C.
460 2910 619 2952 Furius
640 2908 779 2951 Rufus
801 2909 850 2952 C.
873 2909 914 2964 f.‚
939 2915 1081 2952 statua
1099 2909 1332 2951 honoratus
1354 2925 1380 2951 a
1401 2908 1558 2965 populo
1579 2910 1845 2964 Pergameno
1868 2914 1895 2955 t.
1917 2910 2078 2966 Perya-

359 2991 503 3022 menus
534 2992 602 3032 ap.
623 2977 816 3020 Frankel
845 2978 1010 3021 Insehr.
1040 2992 1076 3020 v.
1108 2977 1347 3032 Peryamon
1377 2992 1418 3022 n.
1438 2981 1531 3022 430.
1581 2978 1795 3020 Incertum
1824 2978 1917 3033 quis
1946 2979 2079 3033 fuerit

361 3050 401 3089 et
436 3060 517 3100 quo
557 3049 738 3100 tempore
776 3047 928 3089 vixerit
936 3061 950 3099 ;
985 3047 1057 3089 vin
1089 3049 1198 3089 reete
1238 3047 1291 3089 ab
1331 3046 1538 3090 Urlichsio
1579 3047 1787 3101 (peryam.
1818 3047 2078 3102 Insohriften

362 3130 410 3170 p.
432 3114 473 3169 6)
505 3114 690 3157 ereditur
718 3128 803 3158 esse
832 3116 869 3158 is
894 3115 1059 3169 Rufus,
1097 3129 1217 3169 quem
1236 3114 1532 3170 proconsulem
1560 3114 1694 3157 Asiae
1722 3116 1798 3158 sub
1828 3115 2077 3158 Domitiano

361 3183 493 3237 fuisse
523 3197 572 3225 ex
600 3196 769 3225 nummo
791 3183 970 3237 quodam
998 3183 1109 3226 male
1138 3183 1283 3226 habito
1306 3183 1439 3225 musei
1463 3183 1736 3226 Taurinensis
1757 3183 1920 3238 colleyit
1948 3183 2077 3228 Wad-

364 3251 537 3306 olinyton
563 3251 693 3305 fastes
725 3251 794 3294 oles
814 3265 937 3306 prov.
969 3252 1094 3294 asiat.
1125 3265 1166 3295 n.
1188 3253 1282 3294 108.
1990 3279 1992 3281 >
2095 3242 2103 3256 ⁶

277 3319 360 3361 405
390 3318 439 3362 C.
469 3319 629 3361 Furius
651 3318 853 3361 Sabinius
874 3318 1035 3375 Aquila
1054 3318 1354 3362 Timesitheus.
1410 3319 1563 3361 Tituli:
1589 3319 1892 3374 Imydunensis,
1914 3318 2079 3362 Allmer

364 3390 403 3429 et
431 3386 620 3430 Dissarol
651 3389 788 3430 museo
818 3387 867 3430 de
896 3388 1018 3442 Lyon
1046 3387 1080 3430 I
1091 3402 1141 3442 p.
1167 3389 1249 3430 167
1275 3385 1359 3440 (1),·
1387 3387 1576 3430 urbanus
1604 3387 1776 3430 mutilus
1806 3391 1846 3430 et
1872 3387 1981 3431 male
2010 3387 2078 3431 de-
