2202 3724
148 289 338 326 MARIVS
1015 280 1099 324 345
1769 286 1959 322 MARIVS

235 421 422 477 Tarpeio
454 419 639 462 deicitur
664 419 762 462 Ταῦ.
787 433 827 463 α.
848 421 886 469 6,
908 421 975 468 19,
1006 417 1097 461 Dio
1115 420 1183 469 58,
1204 421 1280 461 22.
1326 418 1450 460 Bona
1481 418 1572 460 eius
1603 416 1707 459 fisco
1739 421 1962 459 cesserunt

242 489 341 533 Ταῦ.
373 488 400 531 l.
432 502 465 533 ῦ.
528 487 693 530 Nomen
731 488 784 530 ab
824 487 900 530 hoc
942 487 1093 529 Mario
1131 487 1312 529 traxisse
1351 486 1545 529 videntur
1583 501 1705 528 mons
1735 485 1960 527 Marianus

234 557 439 599 Baeticae
467 557 521 611 cf.
554 557 616 600 tit.
648 556 710 599 II
731 559 839 599 1179
869 557 1010 610 ibique
1041 558 1233 598 auctores
1272 556 1326 597 ab
1358 555 1585 598 Huebnero
1617 555 1768 597 citatos
1777 567 1792 606 ‚·
1819 568 1962 596 massa

235 625 434 667 Mariana
462 625 589 668 XIV
609 626 686 677 52;
715 639 788 667 aes
818 625 1063 667 Marianum
1094 625 1188 666 sive
1218 623 1501 666 Cordubense
1532 623 1652 667 Plin.
1681 623 1721 666 h.
1752 637 1793 665 n.
1823 625 1890 673 34,
1912 625 1939 664 4
1949 635 1962 673 ;

238 694 293 748 cf.
324 693 576 747 Hirschfeld
603 692 733 737 Verw.
755 693 789 735 Ι
798 707 845 747 p.
868 695 920 736 75
949 695 1034 736 not.
1056 696 1081 734 1
1113 695 1152 734 et
1172 706 1219 746 p.
1243 695 1298 734 78
1325 695 1412 734 not.

149 773 232 816 220
263 773 313 817 T.
346 773 534 827 Marius,
576 772 787 823 Urbinas,
827 772 883 815 ab
915 772 1064 814 infimo
1099 771 1280 814 militiae
1309 771 1402 814 loco
1433 772 1656 815 beneficiis
1686 770 1874 825 Augusti
1905 769 1961 812 ad

235 857 422 884 summos
453 848 693 884 castrenses
724 841 907 883 honores
938 847 1158 897 promotus
1189 847 1232 883 et
1262 855 1319 882 ex
1349 841 1410 882 eis
1435 840 1735 897 locupletatus,
1769 841 1814 881 in
1837 846 1961 882 testa-

233 917 378 952 mento
421 925 475 952 ne
514 911 774 952 mentionem
816 909 992 966 quidem
1031 909 1223 964 Augusti
1264 908 1368 951 feeit
1407 909 1498 951 Val.
1537 909 1662 953 Max.
1699 912 1734 959 7,
1762 911 1802 959 8,
1836 912 1874 950 6.
1908 933 1958 938 —

233 978 439 1021 Fortasse
475 993 561 1022 non
601 978 787 1021 diversus
821 979 884 1032 (ut
923 979 1099 1021 coniecit
1127 977 1351 1020 Bormann
1380 977 1493 1020 OIL.
1515 978 1596 1020 XI
1609 992 1658 1032 p.
1679 980 1762 1019 894
1790 981 1875 1021 not.
1898 980 1959 1033 2).

235 1048 286 1090 T.
317 1047 483 1090 Marius
515 1046 687 1090 Siculus
718 1047 767 1090 C.
799 1047 852 1101 f.,
895 1047 1012 1089 tribu
1044 1046 1146 1090 Stel.
1179 1047 1358 1102 (oriyine
1387 1046 1547 1089 scilicet
1576 1046 1790 1101 Urbinas),
1831 1045 1961 1088 hono-

234 1115 355 1159 ribus
385 1116 543 1159 Urbini
572 1115 760 1170 functus,
793 1122 845 1158 tr.
875 1115 964 1157 mil.
995 1114 1079 1170 leg.
1100 1115 1203 1169 XII,
1234 1114 1370 1171 praef.
1401 1114 1524 1158 duor.
1553 1114 1736 1171 prin.(‘?)
1757 1139 1815 1145 -—
1834 1114 1963 1157 verba

235 1185 371 1241 praef.
402 1184 524 1227 duor.
546 1185 659 1240 prin.
683 1183 793 1226 alter
813 1199 863 1226 ex
884 1183 1215 1238 descriptoribus
1237 1183 1375 1225 omisit
1393 1207 1463 1233 —,
1495 1182 1700 1239 praefect.
1722 1184 1767 1224 in
1789 1182 1961 1237 cl(assc)

234 1252 313 1295 Cn.
341 1252 512 1295 Lentul.
544 1243 680 1309 praet.
700 1277 759 1283 —
785 1252 1035 1307 apoyrapha
1065 1253 1192 1295 etiam
1222 1251 1357 1308 praef.
1392 1251 1621 1294 admittunt
1647 1276 1706 1281 -
1736 1253 1782 1293 in
1814 1251 1962 1295 Sicilia

235 1325 264 1363 t.
294 1321 481 1365 Urbinas
499 1321 580 1364 XI
602 1323 710 1364 6058
741 1321 799 1363 ad
827 1321 909 1363 duo
936 1320 1187 1375 apoyrapha
1214 1321 1354 1363 nescio
1381 1334 1484 1362 num
1512 1323 1728 1363 accurata.

162 1413 218 1420 —-
261 1397 363 1434 IMP.
396 1396 535 1434 OAES.
566 1397 620 1432 M.
650 1395 902 1432 AVRELIVS
934 1395 1124 1432 MARIVS
1154 1394 1426 1433 AVGVSTVS.

149 1471 229 1513 221
265 1469 318 1523 Q.
349 1470 515 1513 Marius
554 1468 738 1525 Balbus,
777 1485 814 1512 a.
847 1485 888 1526 p.
921 1469 970 1513 C.
1002 1471 1027 1512 5
1068 1484 1167 1511 cum
1206 1469 1350 1511 nescio
1392 1484 1477 1525 quo
1517 1468 1676 1526 populo
1713 1470 1962 1525 provinciae

234 1539 439 1581 Baeticae
468 1538 703 1595 hospitium
733 1539 836 1580 fecit
867 1553 1053 1594 eumque
1084 1539 1129 1579 in
1160 1537 1404 1580 clientelam
1435 1553 1556 1580 suam
1584 1538 1748 1594 recepit
1768 1538 1829 1579 II
1842 1540 1961 1579 1343.

148 1619 232 1661 222
262 1618 485 1661 *MARIVS
527 1625 835 1660 GALESTRIVS
876 1624 1108 1660 MAxins
1152 1619 1386 1674 septemvir
1426 1617 1662 1674 epulonum
1695 1617 1820 1660 XIV
1841 1620 1960 1660 3470.

230 1686 299 1741 Cf.
332 1687 452 1741 infra
479 1688 555 1730 sub
589 1685 632 1731 G.
662 1686 843 1730 Servilio
875 1686 1128 1741 Septioliano
1158 1686 1322 1729 Firmo.

148 1767 232 1809 223
261 1773 451 1809 MARIVS
494 1773 694 1811 CELSVS.
766 1767 957 1822 Legatus
995 1766 1180 1822 legionis
1220 1767 1399 1823 quintae
1443 1766 1636 1809 decimae
1680 1765 1960 1823 Apollinaris,

236 1850 334 1878 cum
364 1850 452 1892 qua
482 1851 520 1881 a.
542 1837 597 1878 63
629 1850 684 1878 ex
714 1836 942 1878 Pannonia
970 1836 1017 1877 in
1047 1834 1199 1878 Asiam
1229 1836 1384 1878 transit
1409 1836 1507 1879 Ταῦ.
1532 1850 1572 1877 α.
1594 1837 1658 1886 15,
1680 1837 1752 1878 25.
1800 1834 1963 1878 Consul

235 1904 486 1959 designatus
513 1920 540 1947 a
569 1904 742 1947 Nerone
772 1905 818 1946 in
849 1910 1015 1961 partem
1045 1919 1083 1948 a.
1103 1905 1158 1947 69
1184 1904 1282 1947 Ταῦ.
1303 1904 1344 1946 h.
1364 1908 1403 1955 1,
1427 1908 1483 1947 77
1510 1905 1566 1958 cf.
1588 1907 1627 1955 1,
1647 1907 1713 1947 14.
1759 1902 1799 1946 Α
1822 1902 1964 1948 Galba

233 1972 455 2015 adhibitus
485 1974 530 2015 in
561 1972 740 2015 consilio
771 1972 826 2015 de
854 1972 1052 2028 eligendo
1084 1988 1333 2016 successore
1369 1972 1467 2015 Ταῦ.
1494 1973 1534 2015 h.
1556 1976 1594 2023 1,
1617 1976 1671 2015 14
1681 1987 1693 2024 ;
1724 1971 1779 2015 ab
1810 1972 1963 2015 eodem

235 2041 290 2084 ad
312 2041 467 2084 milites
489 2041 762 2099 Illyricianos
787 2043 943 2085 missus
963 2043 1020 2087 ib.
1042 2045 1081 2093 1,
1101 2045 1167 2085 31.
1189 2045 1256 2093 39,
1289 2041 1407 2085 Plut.
1437 2041 1564 2085 Galb.
1585 2044 1655 2086 25.
1700 2041 1771 2084 Ab
1792 2041 1963 2084 Othone

232 2111 322 2152 irae
341 2110 529 2153 militum
551 2110 801 2153 subtractus
827 2111 926 2155 Ταῦ.
947 2111 987 2154 h.
1007 2114 1046 2161 1,
1068 2113 1134 2161 45,
1157 2110 1274 2153 Plut.
1304 2109 1432 2155 Galb.
1454 2113 1524 2161 27,
1547 2125 1651 2152 mox
1670 2111 1783 2152 inter
1804 2111 1964 2152 amicos

231 2178 406 2221 habitus
442 2179 541 2225 Ταῦ.
571 2179 612 2222 h.
634 2183 671 2230 1,
695 2182 762 2230 71,
794 2179 912 2222 Plut.
943 2179 1051 2223 Otho
1073 2183 1099 2221 1
1130 2186 1172 2222 et
1201 2180 1247 2221 in
1277 2179 1389 2222 bello
1420 2185 1571 2222 contra
1601 2178 1859 2222 Vitellianos
1890 2179 1962 2220 ad-

171 2256 174 2258 ’
232 2246 395 2290 hibitus
439 2248 538 2290 Ταῦ.
564 2247 603 2292 h.
635 2251 682 2299 1,
715 2250 784 2290 87.
814 2251 881 2292 90.
911 2251 955 2298 2,
985 2251 1052 2292 33.
1082 2251 1150 2298 40,
1191 2247 1311 2290 Plut.
1346 2249 1386 2290 5.
1420 2251 1456 2291 7.
1487 2250 1528 2298 8,
1569 2247 1779 2289 militibus
1818 2254 1963 2289 tamen

231 2322 459 2372 suspectus
495 2316 593 2359 Ταῦ.
615 2319 659 2367 2,
681 2319 750 2360 23.
807 2317 912 2358 Post
931 2315 1122 2372 pugnam
1142 2316 1478 2359 Bedriacensem
1509 2315 1724 2372 quomodo
1756 2331 1802 2357 se
1828 2316 1965 2369 egerit

233 2382 352 2426 Plut.
382 2384 476 2429 Oth.
496 2388 562 2435 13,
599 2385 697 2429 Ταῦ.
718 2388 762 2436 2,
784 2388 851 2429 44.
912 2384 1152 2428 Consulatu
1182 2400 1280 2427 eum
1312 2384 1553 2438 demovere,
1596 2399 1675 2426 nec
1706 2385 1799 2426 sine
1830 2385 1962 2426 exitio

234 2453 327 2494 eius
367 2452 676 2506 (insimulando
717 2468 815 2495 eum
854 2453 972 2509 apud
1002 2452 1269 2508 Vitellium),
1310 2453 1476 2495 studuit
1507 2453 1722 2496 Caecilius
1754 2453 1960 2509 Simplex,

233 2520 308 2562 sed
329 2520 490 2564 frustra
517 2520 615 2565 Ταῦ.
638 2521 678 2563 h.
701 2525 744 2572 2,
768 2525 832 2565 60.
873 2521 1036 2564 Consul
1067 2536 1166 2563 cum
1196 2520 1326 2563 Arrio
1357 2520 1580 2564 Antonino
1603 2522 1736 2578 (circa
1756 2523 1854 2567 Iun.
1875 2522 1962 2565 Iul.

231 2588 358 2644 Au9.‚
392 2590 446 2643 ef.
481 2590 719 2633 Mommsen
748 2590 838 2645 eph.
871 2605 932 2645 ep.
965 2591 999 2633 I
1012 2605 1060 2645 p.
1093 2590 1190 2646 191)
1226 2590 1324 2633 Ταῦ.
1356 2590 1396 2632 h.
1427 2594 1466 2645 1,
1499 2594 1564 2633 77.

147 2669 231 2712 224
260 2676 514 2713 RMARIVS
547 2670 797 2726 C[EL]S[VS]
827 2671 895 2725 (P.
916 2671 1082 2713 Marius
1103 2670 1341 2713 Frontinus
1372 2670 1420 2713 de
1441 2685 1505 2725 aq.
1532 2674 1640 2722 102;
1669 2672 1715 2713 in
1745 2671 1963 2714 consulatu

232 2738 280 2782 P.
316 2738 483 2781 Marius
518 2738 733 2795 C[el]s[us]
779 2739 1016 2795 triptyehon
1052 2739 1357 2795 Pompeianum
1390 2754 1459 2794 ap.
1498 2739 1547 2782 de
1583 2740 1758 2782 Petram
1795 2754 1837 2782 n.
1870 2743 1961 2789 114,

235 2806 284 2849 P.
315 2807 483 2849 Marius
519 2807 618 2850 Ταῦ.
655 2822 693 2850 α.
727 2811 792 2859 14,
821 2811 890 2859 48,
932 2808 1001 2851 VI
1015 2811 1166 2859 16521,
1209 2808 1397 2851 Rubrius
1424 2809 1586 2850 Marius
1615 2809 1687 2853 vit.
1719 2808 1864 2851 Persii
1893 2823 1961 2863 ap.

231 2874 538 2928 Reifferscheid
571 2877 619 2918 in
658 2876 720 2919 ecl.
755 2876 871 2920 Suet.
903 2891 952 2931 p.
985 2881 1066 2928 72;
1098 2877 1265 2919 Marius
1285 2876 1481 2931 plerique
1510 2877 1726 2919 consulum
1755 2876 1961 2927 laterculi,

232 2942 455 2986 Macrinus
499 2943 703 3000 Prosper)
749 2945 900 2988 consul
947 2945 1038 2989 ord.
1085 2961 1123 2988 a.
1160 2947 1214 2988 62
1258 2961 1357 2987 cum
1397 2946 1447 2988 L.
1489 2945 1633 2988 Afinio
1675 2945 1802 2988 Gallo
1843 2947 1961 2999 fasti.

233 3010 421 3054 Curator
458 3027 670 3070 aquarum
709 3028 746 3056 a.
775 3014 946 3056 64—66
986 3013 1226 3057 Frontinus
1265 3013 1314 3056 cle
1351 3028 1418 3068 aq.
1448 3017 1546 3058 102.
1610 3014 1823 3056 Incertum
1862 3028 1962 3055 num

232 3079 359 3123 huius
387 3081 438 3124 P.
467 3081 580 3123 Mari
611 3096 762 3124 servus
793 3081 862 3124 VI
883 3086 1004 3125 9110.
1054 3082 1173 3135 (Non
1201 3085 1312 3125 recte
1341 3082 1442 3124 olim
1473 3097 1500 3125 α
1523 3082 1739 3125 nonnullis
1765 3083 1963 3136 confusus

233 3161 326 3190 cum
356 3163 403 3191 eo
431 3150 505 3203 qui
530 3150 764 3204 praeeedit,
796 3151 849 3205 ef.
880 3150 1091 3206 Boryhesi
1118 3165 1212 3206 opp.
1243 3154 1282 3201 5,
1314 3150 1429 3205 321).

146 3228 230 3271 225
262 3235 305 3279 Q.
327 3229 548 3284 MAR[I]VS
573 3235 757 3272 CELSVS
787 3236 962 3287 praetor
990 3232 1248 3288 peregrinus
1279 3246 1317 3273 a.
1339 3246 1380 3287 p.
1406 3230 1452 3274 C.
1477 3231 1526 3273 31
1561 3230 1671 3283 fasti
1697 3244 1806 3284 may.
1829 3230 1958 3284 fratr.

232 3295 337 3339 Arv.
369 3295 508 3350 (CIL.
538 3298 574 3340 I
596 3297 658 3340 eol.
679 3301 711 3341 2
729 3313 778 3352 p.
802 3298 884 3354 71).

160 3388 219 3394 --
261 3370 326 3408 TI.
357 3371 522 3408 IVLIVS
554 3371 806 3408 CANDIDVS
831 3372 1022 3409 MARIVS
1054 3373 1254 3409 CELSVS.
