2202 3724
275 286 546 322 MAECENAS
1130 279 1214 320 316
1798 285 2071 322 MAECENAS

355 417 601 470 smaragdus
622 415 838 469 Anyustns
858 414 992 456 iocose
1012 415 1059 456 in
1079 413 1260 468 epistula
1282 413 1341 456 ad
1358 428 1462 464 eam,
1485 418 1553 468 ap.
1573 414 1769 458 Macrob.
1785 418 1864 457 sat.
1886 418 1929 465 2,
1945 418 1984 465 4,
2001 418 2071 466 12,

353 485 462 527 ande
502 484 644 537 colliyi
671 486 813 536 potest
851 496 943 524 enni
984 496 1076 524 carn
1117 481 1254 524 Cilnio
1290 496 1440 536 yenere
1468 482 1672 524 Arretino
1711 483 1820 535 (Liv.
1850 485 1917 532 10,
1946 485 1986 533 3,
2017 486 2050 526 2
2058 495 2072 534 ;

353 556 391 602 5,
415 555 482 608 13)
515 552 655 604 aliquo
685 550 807 592 modo
838 550 1101 591 coniunctam
1131 550 1273 603 fnisse,
1305 550 1488 603 fortasse
1507 564 1592 604 per
1612 553 1802 600 matrem,
1831 553 1881 592 at
1899 550 2074 592 coniecit

354 620 577 662 Borniann
597 619 752 661 observ.
777 618 826 660 de
848 619 976 671 antiq.
999 617 1121 660 Rom.
1145 617 1247 669 (ind.
1273 618 1362 661 lect.
1387 618 1613 672 Marbnry.
1634 620 1744 660 1883
1773 617 1891 672 aest.)
1914 632 1961 672 p.
1977 617 2012 661 I
2016 617 2072 669 V,-

356 687 520 730 Cilnius
552 687 630 740 (sic
660 687 845 740 Lipsius,
879 685 1066 727 traditur
1095 685 1299 739 cillinius)
1330 686 1558 728 Maecenas
1594 686 1692 728 Tae.
1725 701 1764 728 a.
1795 689 1833 737 6,
1863 689 1918 728 11
1945 685 2069 735 soluS,

352 756 490 797 minas
530 757 724 797 accurate
762 757 810 795 nt
838 753 1014 796 videtur.
1074 753 1271 809 (Ficticii
1299 753 1467 797 Cilnius
1496 754 1725 797 Arretinus
1757 768 1825 808 ap.
1857 753 1937 797 Sil.
1967 753 2070 796 Ital.

352 827 389 873 7,
413 827 483 873 29,
515 823 743 865 Maecenas
774 823 984 864 Etruscus
1005 822 1060 866 ib.
1083 825 1149 872 10,
1170 822 1254 876 40).
1304 822 1533 864 Arretinus
1556 822 1752 865 Macrob.
1772 825 1852 864 sat.
1874 825 1918 872 2,
1938 825 1978 869 4,
1999 823 2070 871 12,

353 892 463 944 qaod
488 892 764 946 confirmatur
788 890 905 933 tribu
926 891 1156 947 Pomptina
1177 894 1205 933 t.
1227 895 1277 942 1,·
1306 890 1439 933 nobili
1462 905 1620 946 genere
1642 891 1842 933 Etruriae
1863 889 2071 932 oriundus

356 959 508 1001 Horat.
530 963 610 1002 sat.
628 963 666 1009 1,
685 963 722 1009 6,
740 963 765 1001 1
779 973 875 1012 seq„
898 973 1027 1001 carm.
1043 962 1081 1008 3,
1101 961 1169 1009 29,
1187 962 1214 1000 1
1237 960 1290 1012 cf.
1308 963 1344 1010 1,
1363 963 1400 1009 1,
1418 963 1465 1010 1;
1486 959 1680 1013 Propert.
1701 963 1740 1009 4,
1756 962 1795 1009 9,
1812 962 1861 1010 1;
1886 957 2022 1012 eleyia
2035 957 2073 999 Ι-

351 1029 396 1069 in
419 1028 710 1070 Maecenatem
738 1041 773 1069 v.
795 1030 849 1068 13
878 1028 964 1082 (ap.
986 1027 1206 1069 Baehrens
1226 1027 1343 1069 Poet.
1366 1028 1464 1069 Lat.
1486 1028 1587 1069 min.
1608 1027 1642 1069 I
1647 1041 1696 1081 p.
1713 1025 1827 1080 126),
1859 1026 1963 1079 avis,
1996 1025 2074 1081 qui

354 1096 543 1150 legiones
574 1095 800 1150 duxerant,
833 1095 1041 1137 oriundus
1063 1095 1218 1138 Horat.
1236 1099 1315 1139 sat.
1332 1099 1370 1146 1,
1387 1099 1490 1146 6,3;
1521 1095 1711 1152 equestri
1741 1094 1816 1139 sed
1846 1092 2070 1150 splendido

353 1178 510 1218 genere
540 1170 668 1205 natus
699 1163 838 1206 Vellei.
868 1167 910 1214 2,
932 1166 1000 1206 88.
1051 1164 1101 1208 L.
1133 1164 1161 1207 f.
1194 1167 1221 1206 t.
1246 1167 1285 1206 1.
1345 1163 1490 1218 Nepos
1518 1164 1700 1217 fortasse
1727 1162 1774 1206 G.
1807 1161 2074 1205 Maecenatis

353 1233 500 1285 equitis
521 1232 710 1274 Romani
737 1246 855 1285 quern
887 1246 996 1275 anno
1020 1246 1062 1274 n.
1090 1245 1122 1273 c.
1145 1234 1224 1274 663
1245 1231 1311 1275 M.
1333 1231 1477 1274 Druso
1510 1232 1677 1273 tribano
1700 1230 1844 1285 plebis
1870 1229 2073 1272 restitisse

351 1303 505 1342 narrat
535 1299 618 1342 Cic.
641 1314 726 1354 pro
756 1299 919 1342 Cluent.
944 1303 1008 1350 56,
1041 1303 1121 1343 153
1155 1298 1394 1351 (Bormann
1425 1299 1451 1344 l.
1483 1313 1517 1342 c.
1540 1314 1588 1353 p.
1625 1299 1697 1355 V).
1751 1299 1889 1341 Natus
1928 1297 2073 1340 idibus

352 1367 577 1424 Aprilibus
599 1368 753 1411 Horat.
776 1382 904 1410 earm.
926 1372 963 1419 4,
986 1372 1048 1418 11,
1071 1372 1124 1410 13
1151 1382 1233 1421 seq.
1264 1367 1330 1422 (de
1361 1382 1472 1410 anno
1496 1382 1580 1410 non
1602 1365 1792 1421 constan.
1841 1366 2074 1408 Institutus

353 1436 407 1478 ab
423 1435 537 1478 Areo
558 1435 810 1492 philosopho
823 1435 993 1478 Aelian.
1010 1450 1098 1480 var.
1115 1436 1210 1478 hist.
1228 1439 1298 1486 12,
1314 1438 1385 1479 25.
1416 1435 1468 1478 A.
1486 1436 1567 1478 710
1584 1435 1823 1478 Octaviano
1844 1440 2071 1476 veteranos

353 1505 398 1545 in
411 1503 647 1560 Campania
664 1504 867 1546 ambienti
886 1519 1028 1547 comes
1041 1504 1138 1546 Nic.
1151 1503 1353 1546 Damaso.
1370 1505 1441 1548 vit.
1461 1503 1580 1547 Caes.
1597 1517 1630 1548 c.
1641 1506 1694 1545 31
1711 1510 1775 1558 (p.
1790 1505 1871 1545 455
1887 1500 2068 1555 Macen),

351 1586 451 1631 nani
479 1573 547 1615 hic
573 1574 663 1615 sine
693 1573 818 1615 dnbio
847 1573 1125 1628 intellegitur,
1160 1587 1412 1626 quamquain
1453 1573 1638 1615 traditur
1676 1572 1840 1618 Λεύκιος
1879 1570 2068 1628 Μικήνας.

351 1640 406 1683 Α.
428 1641 508 1683 712
539 1641 700 1696 proelio
723 1640 990 1697 Philippensi
1021 1640 1160 1683 adfuit
1181 1641 1280 1695 eley.
1303 1641 1337 1683 I
1359 1642 1404 1683 in
1425 1641 1565 1684 Mace.
1591 1654 1628 1683 v.
1648 1644 1704 1683 43
1734 1639 1820 1694 (ap.
1851 1638 2071 1682 Baehrens

351 1712 461 1762 poet.
492 1709 590 1751 Lat.
626 1710 726 1751 min.
755 1710 789 1751 I
810 1724 858 1763 p.
890 1709 1005 1763 128).
1077 1708 1129 1752 A.
1160 1709 1243 1752 714
1282 1710 1573 1751 internuntius
1613 1709 1724 1750 inter
1759 1707 1988 1751 Caesarem
2028 1713 2071 1748 et

353 1776 453 1819 SeX.
486 1778 736 1833 Pompeium
769 1777 822 1819 de
853 1778 1014 1833 nuptiis
1040 1777 1238 1820 Caesaris
1270 1784 1311 1820 et
1340 1777 1592 1821 Scriboniae
1611 1777 1800 1832 Appiam.
1825 1776 1862 1818 b.
1885 1789 1919 1818 c.
1942 1777 1981 1825 5,
2002 1776 2070 1817 53.

351 1845 515 1886 Eodem
547 1860 658 1887 anno
689 1860 787 1887 cum
818 1845 1032 1888 Antonius
1066 1845 1342 1888 Brundisium
1376 1845 1607 1900 obsideret,
1651 1845 1810 1887 electus
1841 1845 1953 1886 inter
1982 1857 2066 1897 eos,

380 1914 453 1968 qui
485 1912 722 1956 Antonium
753 1920 795 1956 et
824 1913 1052 1957 Caesarem
1083 1913 1411 1956 reconciliarent
1436 1914 1550 1969 App.
1578 1915 1616 1957 b.
1641 1927 1676 1956 e.
1700 1916 1739 1964 5,
1762 1916 1814 1955 64
1843 1912 1900 1966 cf.
1921 1911 2070 1953 Metus

353 1981 422 2023 lib.
447 1980 681 2023 CXXVII
694 1983 765 2037 (fr.
787 1985 839 2024 50
859 1982 1007 2036 Hertz)
1031 1982 1146 2036 apud
1163 1982 1414 2025 scholiastas
1441 1983 1488 2025 in
1509 1982 1663 2025 Horat.
1686 1985 1765 2025 sat.
1788 1985 1824 2031 1,
1844 1983 1884 2031 5,
1906 1982 1973 2024 27.
1996 1981 2067 2022 29.

352 2049 403 2091 A.
427 2049 509 2091 716
539 2051 692 2091 missus
723 2065 749 2091 a
779 2049 964 2093 Caesare
995 2050 1048 2092 ad
1080 2050 1328 2105 Antonium,
1362 2058 1410 2094 ut
1440 2053 1530 2093 eius
1562 2050 1775 2093 auxilium
1796 2054 1946 2091 contra
1966 2047 2066 2090 Sex.

351 2117 602 2173 Pompeium
630 2119 880 2174 impetraret
903 2118 1017 2172 App.
1043 2120 1078 2162 b.
1106 2133 1140 2161 c.
1161 2122 1199 2169 5,
1223 2122 1292 2162 92.
1312 2122 1377 2162 93.
1437 2120 1542 2161 Eius
1582 2134 1663 2174 ope
1694 2117 1877 2161 Octavia
1915 2131 1954 2159 a.
1986 2115 2067 2158 717

351 2185 529 2227 fratrem
549 2185 738 2228 Antonio
770 2187 1018 2229 reconciliat
1040 2186 1155 2229 Plnt.
1178 2187 1280 2229 Ant.
1301 2190 1366 2230 35.
1411 2187 1572 2230 Eodem
1594 2200 1705 2229 anno
1725 2185 1889 2228 videtur
1907 2184 2068 2238 factum

350 2254 431 2294 iter
470 2254 557 2295 eins
595 2254 926 2305 Brundisinam,
964 2255 1216 2309 descriptam
1257 2256 1310 2297 ab
1342 2255 1528 2298 Horatio
1562 2258 1642 2299 sat.
1671 2258 1709 2305 1,
1740 2256 1779 2304 5,
1820 2252 1930 2307 qaod
1966 2252 2068 2306 feeit

349 2334 438 2362 nna
468 2336 559 2363 carn
595 2321 640 2366 Ο.
672 2322 853 2365 Fonteio
886 2323 1111 2377 Capitone,
1144 2323 1326 2366 Antonii
1365 2324 1498 2366 amico
1539 2323 1741 2378 (Horatio
1782 2322 1807 2365 l.
1849 2335 1882 2363 e.
1921 2322 1991 2376 33)
2029 2323 2069 2362 et

350 2389 400 2431 L.
434 2388 601 2432 Cocceio
643 2390 808 2441 Nerva,
850 2406 938 2433 una
978 2406 1070 2433 curn
1108 2391 1184 2434 hoc
1217 2393 1386 2434 ‘missus
1417 2394 1583 2446 magnis
1621 2391 1674 2433 de
1714 2389 1844 2432 rebus
1881 2389 2063 2443 legatus‘

352 2457 458 2499 Hor.
491 2458 517 2499 l.
550 2472 582 2499 c.
615 2473 650 2501 v.
682 2462 743 2502 28
773 2460 826 2512 cf.
849 2459 1031 2502 Masson
1051 2459 1229 2502 Horatii
1252 2460 1342 2502 vita
1363 2474 1410 2514 p.
1431 2462 1503 2510 82,
1537 2459 1580 2503 O.
1603 2459 1818 2502 Kirchner
1837 2457 2065 2512 quaestion.

351 2525 579 2568 Horatian.
604 2541 651 2580 p.
672 2530 737 2577 54,
775 2527 821 2569 O.
852 2527 1028 2570 Franke
1057 2529 1157 2581 fast.
1183 2528 1415 2571 Horatian.
1438 2542 1487 2582 p.
1519 2532 1584 2571 96.
1638 2527 1691 2570 A.
1725 2528 1806 2570 718
1837 2525 2067 2569 Caesarem

351 2594 578 2635 comitatur
610 2595 655 2636 in
684 2595 845 2637 bellum
881 2595 1106 2638 Siciliense
1141 2596 1236 2650 eley.
1273 2597 1320 2638 in
1355 2596 1495 2640 Maec.
1527 2597 1562 2638 I
1581 2609 1617 2638 v.
1647 2599 1700 2638 41
1731 2595 1783 2649 cf.
1817 2594 1931 2648 App.
1961 2593 1999 2636 b.
2030 2606 2064 2634 c.

349 2663 386 2710 5,
419 2664 483 2703 99.
514 2666 610 2712 112,
651 2663 724 2704 sed
759 2678 861 2705 mox
902 2665 1102 2706 remissus
1144 2665 1200 2706 ad
1241 2671 1397 2707 statum
1426 2665 1546 2707 urbis
1577 2671 1619 2706 et
1647 2664 1798 2706 Italiae
1828 2659 2066 2716 regendum

349 2728 462 2782 App.
485 2729 510 2772 l.
533 2744 580 2780 c.,
612 2730 699 2772 Dio
723 2735 789 2780 49,
812 2735 876 2773 16.
939 2732 1080 2773 Etiam
1111 2739 1260 2788 postea
1290 2734 1458 2789 saepius
1490 2747 1594 2774 cura
1623 2732 1743 2774 urbis
1774 2737 1816 2772 et
1843 2728 1995 2772 Italiae
2025 2728 2064 2770 ei

350 2798 558 2852 permissa
593 2813 617 2840 a
653 2798 837 2841 Caesare
871 2799 959 2841 Dio
987 2803 1053 2850 49,
1086 2804 1150 2844 16.
1181 2804 1256 2852 51,
1286 2804 1326 2844 3.
1355 2803 1420 2851 55,
1454 2804 1492 2851 7,
1537 2801 1634 2842 Tac.
1671 2814 1711 2843 a.
1743 2802 1781 2850 6,
1816 2802 1864 2848 4,
1908 2797 2064 2840 Horat·

351 2878 478 2907 carni.
509 2869 547 2916 3,
578 2870 649 2916 29,
681 2869 738 2925 25
772 2881 863 2908 cani
894 2867 1195 2922 Porphyrione,
1227 2869 1322 2923 6169.
1354 2869 1400 2910 in
1432 2868 1571 2911 Maec.
1593 2869 1627 2910 I
1648 2882 1684 2910 v.
1714 2870 1780 2909 14.
1810 2869 1868 2910 27
1903 2864 2064 2920 (Baeh-

348 2947 446 2975 rens
473 2937 586 2987 poet.
622 2935 718 2975 Lat.
755 2935 855 2976 min.
878 2935 911 2976 I
929 2950 977 2988 p.
1000 2939 1095 2978 126.
1127 2936 1240 2990 128).
1293 2937 1445 2990 (Rana,
1477 2951 1563 2992 qua
1593 2934 1793 2990 signabat
1821 2934 2061 2986 Maecenas,

351 3001 394 3041 in
434 3015 588 3054 magno
629 3008 791 3044 terrore
833 3009 923 3044 erat
958 3010 1136 3060 propter
1165 3004 1411 3047 collationes
1448 3004 1728 3060 pecuniarum
1757 3017 1866 3058 quas
1895 3008 2062 3058 porten-

349 3068 478 3111 debat
523 3069 639 3111 Plin.
674 3070 713 3111 h.
749 3084 790 3112 n.
825 3074 890 3120 37,
929 3072 1009 3122 10).
1086 3072 1137 3114 A.
1180 3073 1262 3115 723
1312 3073 1648 3115 coniurationem
1696 3070 1849 3127 Lepidi
1894 3069 2062 3115 iuvenis

349 3140 562 3194 oppressit
592 3138 731 3183 Vellei.
762 3142 804 3189 2,
835 3142 890 3180 88
917 3141 971 3192 cf.
1003 3139 1116 3194 App.
1148 3142 1184 3185 b.
1217 3155 1252 3184 c:
1283 3146 1322 3191 4,
1355 3145 1422 3184 50.
1483 3140 1713 3184 Caesarem
1751 3139 1979 3182 comitatur
2006 3135 2062 3179 ad

348 3205 511 3248 bellum
531 3205 759 3249 Actiacum
780 3207 934 3249 Horat.
957 3208 1072 3261 epod.
1095 3213 1132 3258 1,
1155 3213 1180 3251 1
1202 3210 1255 3263 cf.
1278 3210 1375 3263 elcy.
1398 3210 1444 3251 in
1466 3209 1605 3252 Maec.
1626 3209 1660 3250 I
1681 3222 1716 3252 v.
1737 3210 1802 3250 45.
1839 3206 2063 3260 Augustus

349 3288 446 3316 cum
478 3289 526 3316 eo
557 3274 767 3318 deliberat
800 3275 853 3316 dc
887 3291 933 3316 ro
963 3275 1137 3330 publica
1174 3277 1414 3319 ordinanda
1442 3276 1530 3319 Dio
1559 3280 1630 3327 52,
1651 3280 1691 3319 1.
1716 3277 1855 3318 14-41
1885 3273 2063 3329 (Zonar.

347 3345 410 3396 10,
441 3342 527 3396 32),
560 3356 810 3397 quamquam
838 3342 1007 3397 sinynla
1040 3357 1146 3397 qnae
1175 3345 1238 3387 ibi
1266 3359 1294 3387 a
1324 3345 1573 3388 Maecenate
1603 3344 1716 3387 dicta
1745 3356 1831 3386 esse
1870 3343 2063 3398 leyuntnr
