2202 3724
91 272 261 309 IVNIVS
947 267 1031 310 235
1723 275 1892 310 IVNIVS

176 405 285 446 citra
314 411 472 446 sortem
503 404 733 460 proconsul
763 404 938 447 Africae
969 412 1140 447 creatus
1176 405 1273 449 Tac.
1307 419 1347 447 a.
1376 408 1415 455 3,
1443 408 1509 448 35.
1559 406 1686 448 Anno
1717 409 1770 449 22
1802 421 1897 463 pro-

175 472 318 514 vincia
355 472 394 514 ei
426 478 658 528 prorogata
686 473 742 515 ib.
775 486 808 515 e.
838 475 905 517 58.
967 474 1073 516 Rem
1103 472 1213 515 bene
1241 474 1355 527 gerit
1384 480 1533 515 contra
1562 474 1894 530 Tacfarinatem,

175 539 353 582 fratrem
383 541 475 582 eius
505 541 621 596 capit
643 541 700 583 ib.
723 555 756 586 c.
780 544 844 583 73.
866 544 919 583 74
939 542 994 595 of.
1016 545 1056 591 4,
1076 544 1158 592 23,·
1187 548 1417 598 propterea
1437 548 1613 585 ornatus
1634 546 1896 587 ornamentis

175 607 527 665 triumphalibus,
569 610 800 665 imperator
839 623 1013 666 quoque
1049 609 1287 666 appellatus
1331 609 1470 653 Vellei.
1499 614 1544 662 2,
1575 614 1681 663 125;
1726 612 1824 655 Tae.
1856 627 1895 657 a.

169 678 209 727 3,
241 679 310 719 72.
343 680 396 719 74
435 678 489 731 ef.
520 681 569 728 4,
600 681 670 721 26.
741 678 926 720 Periisse
963 677 1138 720 videtur
1180 677 1324 734 paullo
1368 685 1466 734 post
1505 678 1710 723 Seianum
1749 696 1786 723 a.
1817 682 1896 736 313

176 745 220 786 in
257 752 472 788 mortuum
508 760 605 788 eum
646 746 844 788 invectus
880 752 946 788 est
974 746 1177 788 Tiberius
1213 746 1311 788 Tae.
1343 761 1382 789 a.
1412 750 1451 798 5,
1483 750 1520 790 7.
1554 772 1605 778 —
1644 748 1736 791 Aut
1773 749 1898 792 huius

175 816 250 854 aut
294 813 380 868 filii
419 815 629 868 nepotisve
671 827 813 856 servus
852 814 1025 857 Anthus
1066 814 1119 868 Q.
1153 815 1249 857 Iuni
1288 814 1432 857 Blaesi
1470 816 1734 870 siynaeulum
1772 818 1897 860 Pom-

176 882 381 934 peianum
399 882 448 925 X
467 885 590 933 8058,
611 886 651 925 4.
705 883 917 925 Incertum
948 897 1047 925 num
1076 884 1203 925 unius
1233 897 1282 925 (π
1310 883 1377 925 his
1405 897 1546 926 serv-us
1567 885 1694 928 Musa
1719 887 1817 928 Iuni
1844 887 1895 929 B.

174 950 437 1004 m‘ynaeulum
464 950 767 1005 Pompeianum
797 951 845 993 X
868 953 991 1002 8058,
1011 954 1078 994 55.

89 1017 173 1060 480
204 1024 248 1068 Q.
271 1024 440 1060 IVNIVS
462 1025 684 1061 BLAESVS
715 1019 830 1061 filius
856 1020 947 1061 eius
968 1020 1042 1076 qui
1072 1020 1293 1076 praecedit
1322 1019 1443 1072 (natu
1463 1022 1614 1072 maior,
1645 1024 1797 1076 quippe
1826 1024 1899 1077 qui

173 1087 320 1140 patris
343 1101 602 1141 praenomen
631 1087 866 1144 habuerim
895 1095 971 1130 aut
1001 1089 1036 1129 is
1067 1095 1142 1130 aut
1171 1088 1306 1130 frater
1335 1089 1485 1144 (supra
1512 1104 1555 1132 n.
1575 1090 1674 1144 477)
1695 1090 1896 1133 tribunus

174 1154 354 1197 militum
385 1156 430 1197 in
451 1157 646 1198 exercitu
668 1157 917 1198 Pannonico
947 1171 986 1198 a.
1013 1157 1063 1198 14
1089 1156 1186 1200 Tae.
1210 1171 1249 1199 a.
1272 1161 1309 1206 1,
1332 1161 1399 1200 19.
1420 1161 1503 1209 29‚·
1531 1173 1569 1200 a.
1596 1160 1651 1201 22
1682 1159 1724 1200 in
1747 1155 1898 1201 Africa

174 1222 254 1265 sub
285 1231 407 1280 patre
438 1225 572 1280 partis
606 1224 825 1280 copiarum
856 1224 1010 1267 ductor
1050 1224 1250 1279 (fortasse
1280 1226 1415 1282 patris
1452 1225 1639 1281 legatus)
1670 1228 1726 1269 ib.
1757 1231 1796 1278 3,
1830 1231 1894 1271 74.

174 1291 337 1335 Consul
367 1292 570 1335 suffectus
599 1306 696 1334 cum
720 1292 772 1335 L.
796 1292 985 1335 Antistio
1005 1293 1165 1335 Vetere
1194 1308 1341 1336 mense
1371 1294 1477 1338 Dec.
1508 1295 1611 1337 anni
1641 1310 1683 1352 p.
1706 1295 1807 1338 Chr.
1827 1296 1894 1350 28,

174 1375 230 1402 ex
268 1359 357 1404 kal.
387 1361 498 1403 Nov.
538 1367 587 1403 ut
623 1361 797 1404 videtur
827 1361 895 1404 VI
916 1364 1059 1405 10293
1087 1362 1372 1416 fraymentum
1404 1362 1574 1405 tabulae
1603 1377 1688 1416 qua
1717 1377 1899 1406 recense-

176 1429 333 1471 bantur
360 1428 587 1472 inlationes
615 1432 876 1472 mortuorum
909 1430 1052 1484 factae
1081 1430 1128 1472 in
1160 1433 1471 1473 monumentum
1498 1431 1672 1484 aliquod
1701 1446 1812 1474 anno
1841 1435 1899 1476 29

173 1501 213 1539 et
251 1501 349 1540 ante
388 1512 480 1540 eum
521 1512 679 1540 annum
717 1498 782 1551 (de
812 1512 923 1541 anno
953 1501 1064 1542 reete
1093 1499 1244 1541 statuit
1272 1498 1532 1553 Boryhesms
1563 1514 1657 1554 opp.
1679 1504 1706 1542 4
1728 1515 1773 1554 p.
1794 1503 1901 1550 450;

169 1566 260 1608 noli
289 1567 474 1621 eoyitare
506 1567 555 1609 de
585 1581 623 1611 a.
646 1570 716 1618 27,
747 1581 848 1610 nam
879 1582 991 1610 anno
1019 1569 1184 1622 tnteyro
1212 1567 1356 1610 nullas
1385 1567 1611 1610 inlationes
1640 1572 1900 1611 mortuorum

173 1635 314 1688 factas
353 1649 439 1678 esse
478 1636 524 1678 in
561 1639 870 1678 monumentum
908 1636 1018 1679 ‘allud
1053 1650 1139 1679 non
1174 1640 1234 1678 est
1263 1636 1522 1693 probabue).
1578 1637 1665 1679 Hie
1695 1641 1734 1679 et
1762 1638 1902 1692 frater

175 1702 420 1746 consobrini
452 1703 598 1747 Seiani
627 1704 887 1759 consulares,
921 1719 1029 1761 quos
1059 1712 1269 1747 memorat
1299 1705 1400 1747 Vell.
1429 1708 1472 1756 2,
1504 1708 1592 1748 127
1620 1703 1776 1759 (frater
1806 1720 1900 1748 ccm-

173 1771 358 1814 sulatum
388 1772 564 1827 adeptus
593 1785 678 1815 esse
696 1772 921 1827 putandus
951 1776 1011 1815 est
1031 1773 1184 1827 paullo
1205 1776 1307 1828 post
1337 1787 1378 1817 a.
1398 1776 1488 1830 28).
1548 1773 1634 1816 Hie
1659 1777 1708 1816 ut
1736 1773 1901 1816 videtur

174 1840 325 1883 Iunius
347 1840 527 1883 Blaesus
556 1840 707 1883 consul
738 1856 832 1883 cum
855 1842 994 1884 Lucio
1025 1841 1171 1898 aliquo
1198 1842 1323 1897 (certe
1349 1842 1483 1884 alium
1503 1842 1678 1884 Iunium
1696 1842 1899 1885 Blaesum

173 1909 219 1952 in
249 1910 469 1953 consulatu
497 1910 624 1953 Ducti
653 1910 853 1965 colleyam
882 1925 967 1953 non
994 1911 1201 1966 novimus)
1231 1910 1375 1953 fautor
1405 1910 1582 1953 Asconii
1614 1910 1812 1965 Pediani,
1844 1911 1898 1953 ad

175 1993 327 2021 cenam
357 1985 536 2022 vocatus
566 1994 593 2021 a
622 1979 682 2022 M.
714 1979 855 2023 Gavio
875 1979 1042 2035 Apicio,
1076 1980 1120 2021 in
1151 1980 1242 2035 ipso
1275 1978 1501 2021 consulatu
1534 1985 1581 2021 ut
1609 1979 1782 2021 videtur
1811 1978 1902 2031 (sed

79 2096 89 2097 ἶ
173 2061 266 2089 eum
296 2061 502 2090 annorum
531 2050 628 2090 tunc
657 2048 880 2102 seoeayinta
901 2048 1044 2102 fuisse,
1075 2062 1154 2102 quo
1176 2047 1331 2090 ducunt
1353 2048 1482 2090 verba
1503 2062 1530 2090 a
1552 2047 1691 2091 Suida
1722 2048 1897 2098 tradita,

172 2129 258 2157 non
279 2114 544 2172 crediderim)
566 2115 728 2159 Suidas
748 2129 780 2158 s.
801 2130 837 2158 r.
858 2115 1032 2163 Ἀπίκιος
1052 2114 1215 2173 Μᾶρκος
1236 2114 1308 2168 (=
1320 2116 1491 2158 Aelian.
1510 2116 1568 2170 fr.
1584 2119 1665 2158 110
1686 2115 1901 2167 Hereher5

174 2184 230 2238 ef.
260 2184 412 2227 Hireel
439 2197 542 2226 mus.
573 2184 708 2226 Rhen.
738 2187 805 2235 43,
833 2187 944 2226 1888
965 2199 1013 2239 p.
1033 2187 1144 2241 315).
1204 2185 1341 2227 Periit
1370 2199 1450 2226 sua
1479 2199 1610 2226 manu
1649 2199 1687 2226 a.
1719 2185 1774 2227 36
1813 2199 1900 2227 una

175 2267 274 2295 cum
303 2252 448 2306 fratre,
480 2267 577 2294 cum
599 2253 800 2295 Tiberius
831 2253 1070 2295 sacerdotia
1101 2254 1162 2294 eis
1191 2252 1405 2295 destinata
1436 2254 1479 2294 in
1510 2252 1618 2295 alios
1650 2252 1901 2295 contulisset

179 2321 278 2364 Tae.
300 2336 339 2363 a.
369 2325 407 2372 6,
429 2325 498 2363 40.

87 2389 167 2432 481
202 2390 355 2432 Iunius
385 2388 606 2432 Brocchus
636 2389 716 2431 sub
738 2388 919 2432 Claudio
951 2389 1136 2433 Gothico
1163 2387 1390 2444 Illyricum
1421 2395 1545 2430 tuens
1572 2389 1644 2431 vit.
1673 2389 1854 2432 Claudii
1872 2392 1900 2431 8

174 2458 339 2513 (nomen
358 2461 469 2512 puto
493 2457 727 2513 ficticium).

89 2526 173 2569 482
203 2533 248 2569 L.
270 2532 440 2569 IVNIVS
463 2531 779 2568 CAESENNIVS
800 2532 1006 2568 PAETVS.
1055 2526 1266 2579 Quattuor
1283 2527 1459 2568 nomina
1479 2526 1643 2569 exhibet
1663 2525 1899 2580 triptyehon

173 2593 479 2650 Pompeianum
510 2608 580 2649 ap.
603 2593 840 2636 Mommsen
863 2594 1010 2636 Herm.
1031 2596 1101 2644 23,
1124 2596 1237 2636 1888
1256 2608 1306 2648 p.
1327 2596 1408 2637 159
1438 2597 1478 2637 et
1508 2594 1625 2648 apud
1654 2594 1703 2636 de
1723 2594 1899 2636 Petram

175 2664 257 2711 atti
293 2662 387 2705 dell’
415 2662 674 2705 Aeeademia
707 2662 969 2716 napoletana
1005 2661 1052 2704 di
1089 2662 1356 2717 areheoloyia
1383 2666 1438 2705 14
1477 2662 1619 2718 (1890)
1646 2677 1697 2717 p.
1717 2666 1775 2704 17
1801 2677 1897 2716 seq„

174 2732 226 2776 L.
249 2731 513 2774 Caesennius
540 2731 699 2773 Paetus
732 2730 800 2773 VI
811 2733 906 2782 597,
928 2734 1157 2785 praeterea
1178 2730 1444 2774 Caesennius
1466 2731 1637 2773 Paetus.
1659 2755 1716 2761 —
1737 2729 1898 2773 Consul

173 2815 274 2843 cum
289 2801 338 2843 P.
356 2799 549 2843 Calvisio
566 2800 739 2842 Rusone
755 2814 902 2843 mense
919 2799 1089 2852 Martio,
1107 2814 1146 2842 a.
1163 2799 1261 2854 inc.,
1280 2799 1355 2842 sed
1371 2814 1457 2841 non
1474 2806 1571 2856 post
1584 2799 1896 2856 Vespasianum

176 2870 286 2924 (eum
305 2868 543 2923 triptychon
558 2867 771 2922 Pompeiis
794 2871 1004 2923 repertum
1026 2868 1097 2922 sit)
1125 2868 1193 2911 VI
1204 2871 1307 2919 597‚·
1328 2868 1564 2922 triptyehon
1580 2867 1898 2922 Pompeianum.

174 2937 372 2980 Eundem>
401 2949 487 2979 esse
517 2936 641 2978 multi
658 2936 923 2979 erediderunt
941 2937 994 2979 L.
1022 2935 1298 2979 Caesennium
1319 2935 1511 2986 Paetum,
1543 2936 1616 2990 qui
1633 2936 1771 2990 fasces
1791 2936 1900 2989 cepit

175 3006 213 3048 k.
234 3006 333 3048 Ian.
364 3019 404 3050 a.
426 3008 478 3047 61
502 3018 596 3048 eum
615 3004 667 3047 P.
691 3004 895 3047 Petronio
920 3005 1183 3059 Turpilium,
1206 3008 1434 3047 statuentes
1460 3004 1757 3059 Ilarpilianum
1777 3003 1899 3045 solito

174 3074 386 3116 maturius
415 3073 636 3116 consulatu
663 3073 819 3116 abiisse
848 3073 920 3129 (ef.
948 3073 1046 3115 Tae.
1068 3087 1109 3114 a.
1134 3076 1200 3123 14,
1221 3075 1293 3129 39)
1324 3076 1363 3115 et
1391 3073 1437 3115 in
1467 3073 1555 3114 eius
1587 3071 1720 3113 locum
1749 3069 1899 3121 suffec-

176 3145 262 3184 tum
292 3141 343 3184 P.
372 3141 604 3184 Calvisium
630 3141 843 3184 Rusonem
874 3139 1149 3196 (Boryhesvus
1179 3156 1272 3196 opp.
1292 3145 1320 3183 3
1344 3156 1393 3195 p.
1414 3143 1507 3190 359,
1541 3140 1777 3182 Mommsen
1807 3138 1897 3193 eph.

175 3211 210 3253 I
224 3225 271 3266 p.
295 3214 368 3261 74,
409 3224 511 3265 quos
543 3214 706 3254 secutus
734 3224 827 3253 sum
853 3224 926 3265 eqo
957 3210 1015 3252 ad
1041 3210 1167 3252 XIV
1183 3212 1339 3266 2830ss
1377 3209 1451 3251 sed
1488 3209 1626 3251 obstat
1665 3206 1774 3261 quod
1812 3209 1898 3247 tam

175 3278 386 3322 Calvisius
410 3279 529 3322 Ruso
559 3293 684 3334 quam
710 3279 965 3322 Caesennius
985 3278 1143 3320 Paetus
1163 3277 1438 3332 proconsules
1458 3277 1592 3318 Asiae
1621 3275 1793 3329 suerunt
1821 3274 1898 3315 sub

176 3346 450 3399 Donatianoe
468 3361 631 3401 parwm
661 3348 770 3390 enim
800 3350 859 3390 est
878 3347 968 3389 veri
985 3346 1121 3389 swale
1143 3346 1246 3388 duos
1271 3360 1321 3388 ex
1346 3345 1583 3387 consulibus
1605 3343 1709 3385 anni
1727 3345 1778 3384 61
1799 3343 1901 3395 post
