2202 3724
264 325 471 363 ORFITVS
1120 318 1203 360 438
1866 324 2062 365 ORODES

346 456 489 498 consul
509 470 549 497 α.
566 458 658 505 110,
679 455 753 508 qui
773 455 830 496 acl
844 455 1164 508 praefecturam
1185 454 1424 507 pervenisse
1441 456 1581 507 potest
1606 454 1680 495 sub
1704 453 1945 504 Hadriano,
1969 467 2060 496 suc-

346 537 544 566 cessorem
573 522 722 564 habuit
751 523 826 564 sub
859 522 939 564 Pio
969 522 1178 564 Erucium
1209 520 1397 564 Clarum.

259 593 314 634 93
345 597 553 633 ORFITVS
584 589 884 643 c(larissimus)
915 590 1060 646 p(uer)
1097 590 1143 631 in
1173 589 1293 631 titulo
1323 589 1432 630 servi
1462 590 1618 630 actoris
1649 589 1716 631 VI
1736 591 1857 631 3714.
1918 589 2061 631 Potest

343 661 473 713 fuisse
495 658 587 701 Ser.
612 657 871 712 Calpurnius
891 658 1035 712 Scipio
1059 657 1219 712 Orfitus
1242 657 1304 698 vel
1333 670 1442 698 unus
1471 671 1520 698 ex
1552 656 1759 699 Corneliis
1791 657 2061 710 Scipionibus

348 727 508 781 Orfitis.
914 756 922 762 .

258 797 333 838 93³
362 800 571 837 ORFITVS
612 793 761 836 consul
802 794 891 836 ord.
932 810 968 836 a.
1004 795 1083 837 172
1115 808 1215 835 cum
1245 793 1436 835 Maximo
1467 793 1585 845 fasti.
1647 792 1818 837 Videtur
1849 806 1934 835 esse
1966 793 2057 836 Ser.

345 863 603 916 Calpurnius
635 862 780 916 Scipio
810 862 982 916 Orfitus,
1014 863 1089 904 sub
1121 876 1198 915 quo
1230 862 1284 915 cf.

258 933 313 974 94
343 931 530 984 Orfitus,
574 930 744 972 adulter
774 931 1024 984 Faustinae,
1066 945 1092 971 a
1130 930 1190 971 M.
1221 928 1400 976 Aurelio
1431 929 1486 971 ad
1521 930 1665 971 nescio
1695 943 1822 984 quem
1853 928 2060 971 honorem

343 1005 563 1056 promotus
593 998 663 1040 vit.
696 999 843 1040 Marci
872 1002 943 1042 29.

257 1071 310 1111 95
341 1068 527 1110 Orfitus:
556 1065 921 1109 medicamentum
951 1067 990 1108 ei
1018 1068 1302 1122 compositum
1328 1065 1632 1121 Galenusnttepi
1659 1065 1885 1112 συνθέσεως
1907 1068 2061 1122 φαρμά-

340 1153 422 1178 κων
454 1139 532 1178 τῶν
562 1135 662 1177 κατὰ
691 1135 786 1191 γένη
818 1135 887 1179 lib.
923 1135 1045 1177 VIII
1068 1134 1218 1187 (XIII
1233 1149 1279 1188 p.
1301 1137 1413 1177 1029
1446 1133 1631 1187 Kuelm).

256 1205 311 1246 96
343 1204 521 1257 Orfitus⁷
554 1210 807 1259 procurator
826 1202 1124 1258 Augustorum
1146 1203 1317 1256 (Severi
1346 1209 1388 1243 et
1407 1201 1648 1255 Antonini),
1681 1201 1846 1256 collega
1867 1201 2059 1245 Sallustii

342 1272 564 1315 Saturnini
595 1274 622 1314 t.
644 1272 912 1313 suburbanus
935 1271 1105 1314 Notizie
1123 1273 1232 1314 1888
1244 1285 1291 1324 p.
1307 1273 1397 1314 228
1418 1271 1587 1324 positus
1610 1269 1746 1311 Genio
1774 1271 2060 1315 saccariorum

339 1340 596 1382 salariorum
624 1340 757 1383 urbis.

254 1434 311 1439 —
340 1407 541 1465 Aquilius
572 1407 750 1451 Orfitus.

254 1503 311 1507 —
341 1483 448 1519 SER.
482 1482 789 1518 CALPVRNIVS
822 1482 979 1518 SCIPIO
1012 1481 1237 1517 ORFITVS.

254 1571 312 1576 —
343 1578 351 1587 .
372 1578 380 1587 .
413 1550 693 1586 CORNELIVS
726 1550 884 1586 SCIPIO
917 1550 1140 1586 ORFITVS.

253 1639 310 1643 —
339 1620 382 1657 L.
416 1618 695 1654 CORNELIVS
728 1618 884 1654 SCIPIO
913 1617 1135 1653 ORFITVS.

253 1706 310 1712 —
339 1688 446 1725 SER.
479 1686 756 1722 CORNELIVS
788 1686 1010 1722 ORFITVS.

255 1775 306 1779 —
339 1755 445 1791 SER.
473 1749 790 1803 (CORNELIVS)
823 1754 981 1790 selmo
1015 1753 1238 1790 ORFITVS.

252 1843 307 1848 —
339 1823 445 1861 SER.
476 1823 761 1859 CORNELIVS
793 1823 949 1859 SCIPIO
983 1822 1314 1859 SALVIDIENVS
1348 1822 1572 1859 ORFITVS.

252 1910 310 1916 —
338 1892 390 1930 M.
421 1891 600 1927 GAVIVS
632 1890 855 1929 ORFITVS.

251 1979 308 1983 —
337 1954 519 1995 Paccius
551 1952 728 1996 Orfitus.

253 2049 305 2055 -
339 2029 379 2065 C.
411 2028 699 2064 PASSIENIVS
733 2027 998 2064 COSSONIVS
1030 2028 1187 2065 SCIPIO
1220 2027 1444 2065 ORFITVS.

251 2116 308 2121 —-
336 2097 546 2134 VETTIVS
579 2097 735 2132 SCIPIO
768 2096 990 2134 ORFITVS.

194 2192 202 2199 .
250 2184 307 2190 —
335 2165 502 2201 VIBIVS
535 2165 757 2202 ORFITVS.

250 2227 304 2269 97
335 2234 388 2269 Μ.
421 2233 597 2269 ORFIVS
638 2234 797 2269 RVFVS
839 2227 898 2269 M.
929 2227 971 2281 f.,
1004 2227 1063 2268 M.
1095 2242 1149 2278 n.‚
1192 2227 1392 2269 triumvir
1430 2242 1529 2269 aere
1558 2232 1736 2280 argento
1767 2239 1872 2267 auro
1909 2223 2053 2269 flando

335 2296 533 2338 feriundo
565 2299 592 2338 t.
630 2296 842 2338 Telesinus
870 2295 950 2338 IX
969 2298 1098 2338 2215.

247 2365 305 2406 98
337 2364 484 2419 Origo,
516 2365 646 2406 mima
676 2364 830 2407 Horat.
860 2367 940 2406 sat.
970 2367 1008 2414 1,
1037 2367 1080 2413 ,2,
1107 2366 1170 2407 55.
1961 2415 1964 2417 ‚

251 2432 306 2473 99
339 2431 425 2474 *Τ.
457 2432 760 2475 Ornitorianus
791 2431 857 2486 (T.
890 2431 1209 2489 Ὀρνειτοριανὸς,
1250 2431 1359 2485 quod
1392 2445 1543 2475 ¹nornen
1585 2431 1750 2473 omnino
1791 2432 2033 2484 corruptum
2042 2442 2056 2480 ‚·

336 2501 516 2553 fortasse
558 2500 608 2542 Τ.
644 2500 750 2542 Aur.
792 2500 1094 2554 Nestorianus,
1136 2499 1387 2554 Hirschfeld
1425 2499 1554 2543 Verw.
1588 2514 1636 2554 p.
1666 2497 1762 2552 305)
1802 2503 2056 2554 procurator

335 2567 633 2621 Augustorum
663 2569 726 2610 ἐπὶ
756 2569 919 2611 αθυλων
950 2569 1026 2622 (sic
1057 2568 1268 2619 traditur,⁴
1298 2569 1361 2611 ἐπὶ
1388 2569 1545 2613 λούδων
1578 2568 1752 2610 coniecit
1774 2566 2055 2611 Mordtmann

337 2635 499 2678 Hellen.
522 2636 633 2690 phil.
656 2637 748 2691 syll.
777 2636 1094 2691 Constantinop.
1117 2640 1144 2678 t.
1169 2640 1195 2678 7
1222 2636 1357 2691 suppl.
1379 2636 1556 2679 1875l85
1576 2651 1624 2690 p.
1646 2639 1712 2686 36,
1743 2635 1899 2678 rectius
1919 2633 2055 2680 Klebs

335 2703 428 2746 καθ’
460 2705 584 2756 ὅλων,
627 2708 675 2746 ut
708 2705 839 2758 fuerit
875 2708 1136 2759 procurator
1172 2719 1431 2747 summarum
1468 2703 1700 2757 rationum)
1741 2707 1769 2747 t.
1798 2702 2056 2756 Ancyram

336 2771 458 2816 OIG.
481 2776 589 2814 4036
619 2787 736 2826 quern
764 2773 878 2815 solus
908 2773 1127 2827 descripsit
1161 2773 1425 2826 Tournefort.

253 2841 334 2882 100
366 2840 654 2897 Ornospades,
687 2841 882 2895 Parthus,
914 2842 1054 2897 patria
1084 2841 1304 2897 profugus,
1337 2840 1515 2894 Tiberii,
1539 2854 1637 2884 cum
1661 2839 1823 2882 bellum
1844 2838 2052 2882 Dalmati-

336 2923 434 2950 cum
464 2909 704 2964 conficeret,
732 2909 864 2951 ‘haud
893 2909 1102 2963 inglorius
1123 2908 1367 2951 auxiliator‘
1393 2915 1435 2950 et
1466 2908 1521 2951 ob
1552 2923 1645 2952 eam
1675 2923 1849 2951 causam
1879 2907 2054 2953 civitate

334 2977 529 3020 Romana
559 2977 766 3032 donatus3
806 2984 955 3034 postea
984 2978 1029 3020 in
1059 2978 1244 3033 patriam
1278 2991 1476 3020 reversus
1507 2976 1640 3020 multo
1670 2978 1715 3019 in
1746 2976 1907 3019 honore
1936 2974 2054 3032 apud

332 3045 603 3087 Artabanum
641 3059 810 3100 regem3
851 3061 889 3089 a.
919 3046 973 3088 36
1014 3045 1258 3101 praefectus
1287 3045 1624 3101 Mesopotamiae
1668 3046 1822 3088 transit
1856 3043 1910 3088 ad
1942 3043 2054 3086 Tiri-

333 3113 478 3155 datem
514 3114 612 3157 Tac.
645 3128 684 3156 (ι.
715 3117 754 3164 6,
785 3117 851 3157 37.

252 3182 329 3224 101
364 3181 529 3224 Orodes
556 3182 655 3237 (H),
688 3181 910 3235 Amacida,
942 3188 1040 3238 post
1070 3181 1351 3224 Phraatacem
1380 3196 1459 3238 per
1488 3181 1620 3224 breve
1650 3188 1821 3237 ,tempus
1850 3195 1930 3228 rex
1950 3180 2052 3221 Par-

333 3250 525 3304 thorum3
572 3252 683 3292 inter
724 3249 872 3306 epulas
910 3249 981 3291 vel
1023 3249 1258 3292 secundum
1297 3249 1421 3304 alios,
1465 3264 1564 3292 cum
1602 3256 1855 3302 venaretur,
1889 3249 2052 3294 occisus

333 3318 497 3372 Ioseph.
529 3322 615 3360 ant.
647 3322 713 3370 18,
743 3321 786 3370 2,
816 3322 856 3361 4.
914 3318 989 3360 Ad
1029 3317 1155 3359 huius
1194 3331 1369 3372 rcynuin
1404 3319 1618 3372 pertinere
1655 3317 1819 3359 videtur
1860 3328 2052 3361 nummus

333 3386 443 3442 reyis
472 3386 669 3429 Parthici
698 3400 789 3428 cum
818 3385 946 3428 solita
974 3386 1246 3440 inscriptione
1277 3386 1472 3444 βασιλέως
1503 3386 1697 3443 βασιλέων
1731 3383 1914 3443 Ἀρσάκου
1946 3383 2052 3441 εὐερ-
