2202 3724
283 309 532 347 NERATIVS
1076 354 1078 357 ,
1148 301 1231 343 402
1839 306 2088 344 NERATIVS

283 443 338 484 46
368 448 412 482 L.
444 444 695 480 NERATIVS
727 443 943 479 PRISCVS.
1004 437 1137 479 Tituli·
1166 436 1419 491 Saepinates
1449 436 1528 479 IX
1554 440 1666 480 2454
1693 437 1765 494 (1).
1794 440 1905 481 2455
1935 436 2011 492 (2).
2036 463 2088 469 —-

373 509 481 550 Tria
519 507 691 548 nomina
729 508 875 547 extant
914 508 941 547 t.
973 509 1017 555 1,
1062 505 1114 548 L.
1154 505 1357 547 Neratius
1400 537 1409 547 .
1429 538 1439 547 .
1458 537 1468 547 .
1510 508 1539 549 t.
1568 509 1611 549 2.
1668 506 1871 548 Neratius
1913 506 2089 549 Priscus

366 578 436 617 rit.
459 575 599 617 Haclr.
615 578 653 623 4,
670 576 710 617 8.
733 576 799 623 18,
816 576 854 623 1,
885 572 988 627 Diy.
1002 576 1067 623 31,
1086 576 1150 623 67,
1166 576 1205 614 8.
1227 576 1293 623 37,
1311 577 1381 623 12,
1397 576 1437 615 5.
1462 576 1530 624 50,
1546 577 1612 624 16,
1627 576 1682 616 85
1713 572 1769 626 (et
1796 575 1843 616 in
1873 574 2092 617 consulatu
2168 571 2171 574 ⁴

367 647 433 693 48,
457 646 497 693 8,
521 645 576 698 6),
603 642 659 695 fr.
692 640 859 683 Dosith.
882 644 947 691 15,
980 641 1154 682 Priscus
1183 641 1385 683 Neratius
1413 640 1515 696 Diy.
1546 645 1584 692 1,
1607 645 1651 692 2,
1672 645 1715 692 2,
1737 644 1806 684 53.
1833 645 1899 692 34,
1921 645 1961 692 3,
1982 645 2022 693 8,
2044 646 2088 694 2,

367 712 568 753 Neratius
597 709 762 752 Gellius
788 713 826 759 4,
859 707 901 759 4,
929 713 956 751 4
986 712 1026 750 ct
1054 709 1164 751 iuris
1193 712 1384 751 auctores
1406 710 1583 764 passim,
1621 710 1790 752 Priscus
1829 710 2003 765 Ulpian.
2033 711 2090 766 fr.

368 783 431 829 11,
454 782 525 828 28,
556 777 658 831 Diy.
680 780 745 827 35,
768 781 806 827 1,
829 780 926 827 112,
947 780 986 819 3.
1016 780 1083 827 39,
1107 780 1145 828 6,
1167 781 1238 820 21.
1267 781 1334 828 41,
1356 781 1399 828 2,
1421 781 1459 828 1,
1481 780 1551 820 21.
1581 781 1647 828 41,
1667 781 1707 829 4,
1728 781 1772 828 2,
1794 781 1832 820 6.

308 852 310 854 ’
451 847 502 889 L.
533 846 562 888 f.
596 849 622 888 t.
655 849 692 887 1.
724 849 767 889 2.
828 844 967 887 Tribu
994 845 1188 888 Voltinia
1220 849 1248 888 t.
1278 849 1303 887 1
1345 846 1524 900 (oriqine
1561 846 1650 888 sine
1690 846 1816 888 dubio
1847 846 2087 901 Saepinas).

368 917 522 958 Frater
552 915 603 957 L.
634 914 800 956 Neratii
829 913 1023 955 Marcelli
1055 914 1205 969 (supra
1233 928 1275 958 n.
1305 916 1375 969 43)
1404 913 1506 968 Diy.
1537 917 1602 965 33,
1636 917 1674 965 7,
1700 917 1769 965 12,
1795 918 1860 959 43.
1884 939 1940 945 —-
1959 915 2089 957 Prae-

367 984 504 1026 fectus
533 983 686 1025 aerarii
711 982 885 1025 Saturni
909 985 935 1024 t.
958 985 996 1025 1.
1018 985 1061 1025 2.
1105 982 1428 1036 (Praefecturae
1458 981 1582 1024 huius
1609 983 1857 1025 mentionem
1884 983 1931 1026 G.
1959 984 2090 1026 Man-

367 1053 503 1094 cinius
535 1055 615 1093 act.
648 1050 768 1100 acad.
798 1049 1007 1092 archaeol.
1031 1050 1213 1104 Neapol.
1235 1049 1342 1092 XII
1359 1052 1391 1093 2
1411 1064 1460 1103 p.
1482 1052 1573 1100 154,
1605 1051 1837 1104 repperisse
1865 1051 1952 1093 sibi
1977 1052 2091 1094 visus

369 1124 430 1162 est
466 1121 512 1162 in
551 1120 789 1173 fragmento
831 1118 898 1160 VI
920 1121 1028 1160 1495
1057 1132 1093 1160 v.
1125 1121 1206 1168 12,
1256 1118 1333 1160 ubi
1371 1132 1421 1160 ex
1458 1119 1624 1160 nomine
1653 1119 1869 1173 praefecti
1905 1123 2092 1174 superest

369 1221 491 1231 .....
508 1189 616 1241 cus).
650 1212 700 1216 —
733 1186 898 1229 Consul
929 1189 956 1229 t.
984 1191 1022 1228 1.
1053 1190 1096 1236 2,
1128 1185 1231 1240 Diy.
1257 1190 1294 1237 1,
1317 1190 1360 1237 2,
1381 1189 1425 1236 2,
1447 1189 1512 1236 53,
1545 1201 1642 1228 cum
1672 1187 1769 1242 (M.)
1799 1187 1943 1230 Annio
1973 1189 2090 1231 Vero

365 1256 467 1311 Diy.
497 1259 567 1306 48,
593 1258 633 1306 8,
655 1259 681 1297 6
692 1269 705 1307 ,·
734 1255 860 1297 iidem
890 1254 1078 1297 consules
1107 1255 1290 1308 fortasse
1318 1258 1605 1297 memora-ntur
1634 1255 1680 1297 in
1710 1258 1868 1298 tessera
1887 1256 2092 1311 plumbea

367 1340 435 1379 ap.
474 1324 753 1379 Borghesium
799 1338 892 1378 opp.
929 1326 955 1366 5
988 1338 1035 1377 p.
1064 1326 1157 1365 351.
1230 1322 1427 1366 Consules
1465 1323 1541 1366 hos
1579 1324 1711 1377 fuisse
1749 1323 1945 1376 suffectos
1980 1339 2092 1368 anno

360 1409 406 1447 p.
439 1392 544 1436 Chr.
579 1395 634 1434 83
672 1392 823 1434 statuit
862 1391 1120 1446 Boryhesius
1157 1406 1251 1446 opp.
1285 1394 1312 1434 5
1347 1406 1395 1446 p.
1430 1395 1531 1442 356,
1573 1392 1684 1445 quod
1722 1393 1777 1435 iis
1814 1394 2092 1447 referentibus

364 1476 508 1516 poena
537 1462 583 1503 in
613 1474 680 1503 eos
709 1464 871 1502 statuta
897 1463 959 1502 est
983 1461 1057 1513 qui
1082 1473 1221 1502 servos
1246 1460 1495 1502 castrandos
1524 1460 1792 1511 tradiderint,
1821 1475 1932 1503 anno
1953 1465 2093 1503 autem

367 1533 421 1572 83
442 1545 469 1571 a
489 1529 741 1571 Domitiano
752 1528 1018 1582 prohibitum
1038 1541 1123 1570 esse
1142 1542 1194 1570 ne
1214 1528 1420 1582 spadones
1444 1529 1604 1582 fierent,
1626 1528 1884 1582 Boryhesius
1896 1530 2091 1583 putavit‚·

365 1597 438 1640 scd
475 1612 604 1651 neque
644 1597 719 1638 hoc
758 1600 916 1639 certum
959 1600 1019 1638 est
1058 1595 1130 1650 (cf.
1164 1596 1453 1639 Friedlander
1483 1597 1661 1651 Sittena.
1691 1597 1802 1639 III⁵
1824 1612 1872 1651 p.
1904 1598 2020 1652 429),
2053 1601 2093 1640 et

367 1669 546 1720 apparet
576 1666 702 1708 etiam
738 1665 899 1718 aliquot
934 1665 1059 1706 annis
1086 1668 1189 1718 post
1222 1664 1401 1707 edictum
1434 1664 1678 1707 Domitiani
1707 1665 1756 1707 de
1778 1679 1920 1720 poena
1949 1680 2091 1708 eorum

364 1735 498 1776 statui
518 1734 709 1788 potuisse
739 1734 813 1787 qui
842 1736 991 1775 contra
1021 1733 1200 1774 edictum
1229 1734 1418 1786 fecerint.
1468 1733 1674 1776 Fortasse
1701 1734 1889 1776 consules
1918 1735 2092 1788 fuerunt

366 1801 535 1853 suffecti
575 1816 614 1843 a.
651 1805 719 1852 87,
771 1816 851 1855 quo
896 1815 1007 1843 anno
1057 1814 1195 1843 mense
1235 1801 1348 1856 Sept.
1391 1801 1566 1844 Priscus
1611 1802 1767 1855 aliquis
1811 1802 1954 1845 consul
1992 1803 2088 1856 fuit,

370 1871 542 1912 testibus
573 1871 681 1912 actis
709 1869 937 1911 Arvalium
971 1870 1135 1924 (nomen
1166 1869 1346 1923 colleoae
1369 1870 1532 1925 periit).
1591 1870 1718 1912 Anno
1749 1873 1804 1913 98
1831 1871 2092 1914 consulatum

368 1938 512 1980 Prisci
541 1942 580 1980 et
608 1938 706 1980 Veri
736 1939 886 1980 tribuit
903 1937 1077 1979 Asbach
1106 1951 1210 1979 mus.
1234 1937 1369 1980 Rhen.
1390 1941 1456 1988 36,
1477 1941 1531 1980 46
1559 1941 1643 1982 not.
1666 1941 1704 1988 1,
1737 1952 1836 1981 ann.
1859 1938 1997 1981 Rhen.
2019 1942 2089 1990 72,

367 2009 480 2050 1882
514 2021 563 2061 p.
599 2010 657 2049 23
688 2020 768 2060 seq.
810 2031 868 2036 —-
906 2007 1096 2060 Legatus
1142 2020 1220 2062 pro
1265 2021 1330 2062 pr.
1376 2007 1420 2048 in
1463 2007 1689 2062 provincia
1732 2007 1958 2049 Pannonia
1997 2011 2028 2050 t.
2067 2011 2092 2050 1

367 2072 492 2128 (iolem
520 2076 683 2118 violetur
723 2076 855 2129 fuisse
889 2076 935 2117 in
967 2078 993 2117 t.
1024 2078 1085 2132 2).
1142 2074 1348 2117 Fortasse
1376 2075 1446 2117 hic
1476 2075 1664 2130 Priscus,
1697 2077 1860 2118 amicus
1890 2075 2033 2131 Plinii,
2066 2091 2092 2118 a

368 2159 475 2200 quc,
518 2159 617 2186 cum
658 2145 894 2186 exercitum
933 2143 1246 2199 amplissimum
1287 2145 1372 2185 iam
1410 2158 1487 2200 per
1527 2143 1692 2200 aliquot
1731 2159 1866 2186 annos
1907 2150 2088 2199 regeret,

366 2212 559 2254 Voconio
591 2213 781 2254 Romano
813 2212 1070 2254 beneficium
1103 2211 1277 2267 aliquod
1308 2212 1482 2268 petebat
1512 2211 1680 2254 Plinius
1710 2227 1772 2266 ep.
1801 2215 1845 2263 2,
1877 2216 1952 2264 13;
1985 2227 2092 2267 quae

369 2280 550 2334 epistula
578 2280 744 2322 videtur
770 2281 931 2334 scripta
962 2294 1073 2322 anno
1101 2283 1156 2321 98
1184 2280 1248 2322 vel
1278 2283 1331 2322 99
1367 2281 1421 2334 cf.
1456 2281 1692 2322 Mommsen
1721 2281 1866 2324 Herm.
1895 2284 1923 2323 3
1942 2295 1991 2335 p.
2013 2283 2092 2331 38,-

366 2348 475 2390 uncle
505 2349 620 2390 cirea
640 2349 716 2390 hoc
738 2352 897 2403 tempus
918 2348 1113 2390 Priscum
1135 2349 1378 2402 praefuisse
1399 2349 1651 2390 Pannoniae
1671 2349 1836 2403 colleyit
1856 2349 2092 2391 Mommsen

372 2417 396 2459 l.
421 2432 453 2459 c.
487 2416 550 2469 (ut
572 2418 814 2459 successerit
842 2418 888 2459 in
909 2417 1138 2459 Pannonia
1159 2415 1232 2460 Cn.
1256 2417 1439 2459 Pinario
1460 2417 1644 2459 Aemilio
1666 2416 1947 2460 Cicatrieulac
1967 2417 2092 2460 Pom-

363 2487 534 2540 peiano,
559 2486 693 2540 leyato
715 2487 802 2528 eius
813 2487 1063 2540 provinciae
1078 2499 1205 2528 mens.
1222 2485 1351 2528 Febr.
1367 2485 1450 2540 98).
1477 2486 1602 2541 (Item
1621 2487 1803 2540 fortasse
1818 2486 1886 2528 hic
1901 2487 2088 2542 Priscus,

367 2556 437 2595 cui
467 2553 634 2595 Plinius
668 2554 987 2596 commendavit
1017 2554 1300 2596 Saturninum
1330 2554 1447 2598 Plin.
1476 2569 1537 2608 cp.
1559 2557 1596 2604 7,
1621 2557 1650 2595 8
1679 2555 1734 2608 cf.
1765 2558 1802 2605 7,
1826 2558 1863 2597 7.
1897 2558 1933 2606 7,
1954 2558 2020 2606 15,
2041 2558 2092 2607 3,-

366 2623 571 2664 incertum
591 2636 691 2664 num
711 2622 779 2664 hie
802 2623 987 2677 Priscus,
1011 2622 1066 2664 ad
1088 2637 1217 2678 quem
1229 2622 1347 2666 Plin.
1366 2637 1428 2677 ep.
1445 2625 1482 2674 6,
1499 2625 1540 2665 8.
1564 2626 1601 2673 7,
1619 2625 1704 2679 19.)
1717 2648 1769 2654 ——
1783 2622 1952 2665 Auctor
1970 2624 2089 2679 iuris,

368 2690 543 2732 scholae
573 2690 871 2744 Proculianae‚
905 2706 991 2732 una
1021 2705 1119 2732 cum
1148 2691 1349 2733 Iuventio
1380 2690 1505 2733 Celso
1536 2691 1586 2745 (I
1598 2690 1696 2744 590)
1728 2705 1948 2733 successor
1977 2690 2093 2734 Celsi

367 2759 500 2814 patris
532 2759 583 2813 (I
593 2760 692 2812 588)
723 2758 823 2812 Diy.
848 2762 886 2808 1,
909 2762 952 2809 2,
973 2761 1016 2808 2,
1038 2762 1103 2801 53.
1164 2758 1448 2801 consiliarius
1480 2758 1657 2800 Traiani
1685 2758 1790 2813 Diy.
1811 2762 1878 2810 37,
1901 2762 1970 2810 12,
1991 2762 2019 2802 5
2049 2766 2092 2802 et

369 2826 581 2868 Hadriani
603 2827 673 2868 vit.
698 2826 838 2870 Hadr.
857 2829 924 2877 18,
941 2830 979 2869 1.
1015 2827 1233 2868 Traianus
1253 2827 1410 2868 dicitur
1431 2841 1528 2868 eum
1550 2841 1840 2869 successorem
1861 2827 1942 2870 sibi
1964 2827 2091 2870 desti-

368 2909 492 2935 nasse
521 2895 592 2938 vit.
620 2894 760 2936 Hadr.
782 2898 821 2936 4.
847 2919 899 2923 —
931 2895 1054 2937 Libri
1087 2896 1180 2936 eius
1211 2895 1406 2951 inscripti
1437 2894 1695 2950 regularum,
1728 2895 2089 2951 membranarum,

368 2977 670 3019 responsorum
701 2962 884 3005 adhibiti
919 2964 965 3004 in
990 2963 1182 3017 Digestis
1212 2962 1314 3017 Diq.
1341 2963 1428 3005 ind.
1450 2963 1577 3005 Flor.
1611 2967 1650 3005 et
1670 2964 1861 3019 passim,·
1899 2963 2010 3007 liber
2038 2964 2093 3007 de

369 3032 531 3087 nuptiis
553 3032 711 3073 citatur
729 3031 837 3073 Gell.
849 3034 888 3081 4,
905 3035 945 3082 4,
961 3035 1000 3073 4.
1032 3031 1199 3073 Horum
1221 3034 1260 3073 et
1278 3031 1535 3085 reliquorum
1556 3032 1762 3074 librorum
1782 3033 1870 3075 eius
1888 3032 2093 3087 reliquias

369 3100 599 3154 composuit
627 3099 756 3141 Lenel
777 3099 945 3154 palinq.
976 3100 1085 3141 iuris
1114 3100 1189 3143 civ.
1212 3100 1245 3142 I
1258 3114 1306 3154 p.
1328 3103 1407 3142 764
1427 3114 1508 3154 seq.
1532 3125 1583 3130 -—
1611 3101 1825 3143 Incertum
1852 3104 1995 3143 utrwm-
2023 3099 2092 3142 hic

368 3181 425 3209 an
453 3168 492 3209 is
512 3167 585 3220 qui
605 3168 803 3221 sequitur,
827 3181 883 3209 an
904 3167 1077 3221 denique
1103 3167 1214 3209 alius
1235 3168 1284 3211 L.
1307 3168 1511 3210 Neratius
1532 3169 1720 3223 Priscus,
1745 3174 1869 3225 pater
1887 3168 2091 3211 Neratiae

367 3235 551 3278 Anteiae
577 3235 757 3277 Rufinae
782 3236 1001 3277 Decianae
1025 3236 1105 3278 IX
1116 3238 1240 3278 2458.
1286 3235 1492 3279 Diversus
1513 3237 1567 3279 ab
1597 3237 1674 3279 hoc
1703 3237 1867 3279 videtur
1890 3237 2092 3279 Neratius

368 3303 543 3345 Priscus
574 3318 682 3346 avus
713 3304 845 3345 trium
866 3303 1139 3346 Neratiorum
1166 3304 1438 3347 Fufidiorum
1463 3305 1543 3347 IX
1569 3308 1838 3349 2451-2453.
1887 3305 2093 3348 Fortasse

369 3371 494 3413 huius
520 3372 568 3413 L.
584 3371 730 3415 Nerat.
753 3371 921 3426 Pri[sci]
945 3386 1098 3414 servus
1119 3371 1199 3414 IX
1211 3376 1322 3415 2531
1334 3386 1347 3423 ,·
1368 3373 1519 3415 Nerati
1538 3374 1677 3415 Prisci
1700 3388 1826 3416 serva
1846 3373 1915 3416 VI
1925 3375 2092 3425 2959&

369 3439 493 3481 huius
524 3443 565 3481 et
589 3439 743 3494 fratris
772 3440 1048 3482 Neratiorum
1079 3440 1247 3495 vilicus,
1281 3441 1558 3483 Neratiorum
1585 3441 1783 3484 cellarius
1803 3441 1883 3484 IX
1899 3443 2025 3486 2484.
