2202 3724
108 285 381 322 MAECILIVS
970 281 1055 323 319
1690 287 1913 323 MAECIVS

107 417 164 459 33
193 416 441 459 Maecilius:
474 418 513 459 ei
543 418 766 474 rescripsit
795 418 896 474 imp.
918 416 1168 460 Antoninus
1198 417 1304 460 Pius
1331 416 1608 460 Callistratus
1635 416 1738 472 Diq.
1758 420 1825 468 48,
1849 420 1915 468 18,

193 487 259 535 15,
282 488 320 527 1.
382 485 557 527 Videtur
584 485 715 539 fuisse
738 498 916 540 praeses
936 485 1187 540 provinciae
1215 485 1279 528 vel
1309 485 1422 528 alius
1450 487 1737 540 mayistratus.

106 553 162 595 34
190 559 465 595 MAECILIVS
506 560 691 596 FVSCVS
723 553 891 608 legatus
931 569 1009 610 pro
1046 560 1244 610 praetore
1279 555 1528 610 provinciae
1556 555 1806 597 Britanniae
1836 555 1916 597 sub

194 621 416 665 Gordiano
449 621 545 664 VH
565 625 659 666 446.

105 690 160 732 35
191 696 243 733 Μ.
265 696 539 732 MAECILIVS
571 696 730 732 RVFVS
762 690 993 747 proconsul
1014 690 1207 733 Achaiae
1240 697 1286 733 ut
1317 691 1489 734 videtur
1520 691 1668 734 titulus
1696 691 1915 746 Olympius

191 771 259 811 ap.
290 757 590 812 Dittenberyer
629 758 838 802 arehaeol.
880 758 1061 813 Zeituny
1089 761 1148 800 37
1174 758 1315 814 (1879)
1338 774 1387 813 p.
1410 762 1491 801 134
1517 773 1558 803 n.
1580 762 1676 804 263.
1737 761 1915 815 (Quam-

190 839 316 879 quam
341 826 541 869 habemus
562 827 779 869 Metilium
798 826 964 880 Rufum
983 826 1282 881 proconsulem
1300 827 1494 870 Achaiae
1524 831 1563 869 et
1592 828 1742 882 ipsum,
1775 832 1915 871 tamen

188 908 273 936 non
300 895 465 937 videtur
489 895 736 937 statuendus
765 909 884 937 error
913 894 1207 948 quadratarii;
1238 896 1293 949 cf.
1325 895 1625 950 Dittenberyer
1655 896 1680 939 l.
1713 899 1779 952 0.).

104 963 159 1009 36
190 969 243 1004 Μ.
275 969 549 1005 MAECILIVS
582 969 775 1005 TVLLVS
806 964 1007 1004 triumvir
1045 962 1272 1005 monetalis
1312 963 1393 1005 sub
1425 963 1644 1019 Augusto,
1686 979 1773 1006 non
1811 972 1914 1008 ante

189 1046 351 1074 annum
382 1032 482 1086 742,
514 1031 590 1073 sed
620 1046 706 1073 non
734 1030 869 1073 multo
901 1038 1050 1087 postea
1081 1030 1154 1085 (ef.
1187 1032 1426 1074 Mommsen
1454 1032 1550 1074 hist.
1581 1046 1736 1075 numm.
1762 1048 1811 1087 p.
1835 1037 1914 1076 744

187 1102 277 1142 not.
306 1099 390 1154 15),
430 1099 612 1141 fortasse
652 1115 740 1142 una
779 1114 878 1142 cum
915 1100 963 1143 P.
996 1100 1129 1142 Lurio
1161 1100 1358 1156 Agrippa
1397 1107 1439 1143 et
1472 1100 1532 1143 M.
1565 1101 1711 1144 Salvio
1742 1101 1913 1144 Othone

187 1169 349 1210 nummi
374 1169 494 1210 aenei
523 1182 592 1222 ap.
615 1168 810 1210 Babelon
838 1169 1057 1210 monnaies
1087 1168 1136 1210 de
1167 1168 1211 1210 la
1239 1171 1326 1223 rep.
1358 1183 1461 1211 rom.
1483 1170 1517 1211 I
1529 1184 1579 1223 p.
1600 1172 1691 1212 159.

101 1235 155 1278 37
187 1236 240 1289 Q.
273 1237 464 1278 Maecius
495 1237 684 1292 (Μαικίου
710 1236 877 1280 Κοίντου
909 1237 1023 1281 anth.
1046 1237 1143 1281 Pal.
1166 1240 1204 1287 6,
1226 1240 1294 1289 89,
1320 1241 1548 1292 praeterea
1578 1238 1788 1290 Μαικίου);
1820 1240 1912 1281 eius

188 1300 505 1361 epigrammata>
534 1305 704 1348 Graeca
736 1305 850 1347 anth.
883 1305 978 1347 Pal.
1004 1308 1044 1356 5,
1066 1309 1158 1348 114.
1186 1309 1278 1348 117.
1310 1309 1401 1348 130.
1432 1309 1524 1349 133.
1563 1310 1601 1357 6,
1632 1310 1699 1349 33.
1728 1310 1796 1351 89.
1828 1311 1913 1351 233

188 1387 286 1428 app.
315 1373 505 1416 Planud.
537 1376 631 1417 198.
662 1399 718 1403 -
747 1374 868 1416 Idem
907 1377 956 1416 ut
993 1374 1159 1416 videtur
1188 1375 1382 1417 Maccius
1414 1375 1632 1429 (Μακκίου)
1664 1376 1786 1417 cuius
1826 1378 1912 1432 epi-

186 1448 426 1496 grammata
454 1442 510 1484 ib.
540 1445 580 1493 9,
602 1446 700 1486 249.
731 1445 826 1485 403.
856 1446 938 1486 411
969 1445 1085 1494 (nota
1112 1442 1354 1486 Cornelium
1375 1457 1558 1497 puerum
1587 1443 1795 1486 celebra-ri
1824 1447 1913 1486 tam

186 1524 215 1552 a
245 1510 416 1552 Maecio
444 1513 483 1561 5,
505 1513 589 1553 117
615 1525 741 1564 quam
770 1525 798 1552 a
829 1510 1001 1553 Maecio
1029 1514 1067 1561 9,
1089 1513 1200 1566 411).

100 1579 155 1621 38
184 1578 379 1621 Maecius
399 1578 594 1621 Blandus
610 1579 757 1634 fistula
768 1579 972 1633 plumbea
990 1580 1174 1630 urbana,
1193 1579 1247 1622 N
1242 1580 1363 1623 otizie
1372 1582 1482 1623 1885
1489 1595 1536 1634 p.
1548 1582 1648 1624 182.
1681 1579 1909 1623 Videndum

183 1661 284 1689 num
311 1647 433 1690 homo
461 1647 629 1690 nobilis.

98 1715 154 1758 39
181 1715 374 1758 Maecius
390 1716 680 1759 Brundisinus
702 1717 807 1771 (pro
823 1717 990 1759 Maecio
1013 1717 1202 1759 traditur
1217 1717 1425 1772 Maeceo),
1448 1717 1692 1774 praefectus
1714 1733 1911 1760 annonae

186 1783 378 1827 Orientis
425 1784 504 1827 sub
546 1784 779 1827 Valeriano
823 1786 896 1827 vit.
935 1785 1168 1828 Aureliani
1206 1788 1271 1836 13,
1308 1789 1334 1827 1
1375 1786 1587 1838 (narratio
1626 1787 1809 1841 ficticia,·
1854 1786 1910 1839 cf.

186 1853 423 1896 Mommsen
454 1853 602 1896 Herm.
623 1856 682 1897 25
702 1868 751 1908 p.
772 1856 887 1910 233).

98 1922 154 1964 40
183 1928 237 1965 M.
267 1927 488 1964 MAECIVS
521 1928 688 1964 CELER
718 1922 795 1978 (sic
826 1925 906 1965 act.
938 1922 1067 1974 Arv.;
1097 1923 1256 1965 Metius
1287 1922 1415 1966 Celer
1445 1923 1642 1978 Statius).
1693 1923 1853 1965 Missus
1884 1938 1910 1965 a

183 1989 432 2032 Domitiano
454 1990 509 2032 ad
531 1990 744 2046 legionem
764 1992 807 2032 in
830 1991 959 2047 Syria
979 1991 1226 2033 tendentem
1247 1991 1434 2047 (legatus
1455 1993 1598 2048 potius
1619 2007 1746 2048 quam
1775 1992 1909 2035 tribu-

119 2098 131 2100 -
182 2059 308 2113 nus);
337 2073 422 2115 quo
453 2066 646 2115 tempore
677 2059 841 2102 Statius
870 2060 989 2101 misit
1019 2060 1057 2101 ei
1088 2074 1262 2102 carmen
1292 2061 1616 2117 propempticon
1646 2060 1736 2104 silv.
1767 2061 1858 2104 III
1878 2065 1910 2105 2

184 2127 240 2180 ef.
261 2127 408 2181 praef.
469 2127 631 2171 Consul
662 2128 758 2171 suff.
788 2143 936 2170 mense
959 2128 1067 2184 Apr.
1105 2130 1182 2171 101
1228 2144 1317 2171 una
1347 2144 1445 2171 cum
1475 2129 1529 2182 Q.
1563 2129 1751 2172 Servaeo
1780 2130 1909 2172 Inno-

182 2202 306 2238 cente
346 2199 415 2238 act
466 2196 571 2239 Arv.
604 2196 836 2248 (Incertum
873 2210 959 2250 qua
988 2196 1218 2251 parentela
1257 2198 1502 2240 coniunctus
1538 2212 1629 2240 cum
1670 2199 1722 2240 L.
1752 2198 1908 2241 Roscio

182 2263 366 2306 Aeliano
397 2265 568 2307 Maecio
592 2264 745 2316 Celere,
774 2265 848 2318 qui
876 2279 988 2307 anno
1018 2265 1232 2320 superiore
1263 2265 1407 2308 consul
1433 2267 1606 2323 fuerat).
1654 2266 1722 2320 Οἵ.
1753 2266 1908 2309 Fried-

183 2331 332 2375 lttnder
363 2333 542 2388 Sitteny.
571 2334 636 2384 3⁵,
667 2337 762 2376 447.

94 2424 152 2429 --
180 2407 224 2445 L.
256 2407 462 2444 ROSCIVS
492 2408 746 2444 AELIANVS
774 2408 996 2444 MAECIVS
1029 2408 1208 2445 CELER.

95 2469 147 2511 41
180 2475 402 2512 MAECIVS
441 2476 721 2513 FALTONIVS
761 2477 1084 2513 NICOMACHVS
1124 2470 1316 2525 (Falton-
1356 2485 1441 2514 non
1483 2475 1593 2514 recte
1632 2476 1822 2515 mutatur
1860 2473 1907 2514 in

180 2536 378 2593 Falcon-)
414 2539 484 2580 vir
523 2538 784 2593 consularis,
828 2539 942 2581 inter
980 2540 1190 2595 primores
1220 2546 1394 2582 senatus
1425 2554 1462 2582 a.
1492 2541 1574 2583 275
1605 2540 1804 2595 Vopiscus
1832 2541 1905 2583 vit.

187 2606 286 2649 Tac.
304 2609 343 2657 5,
364 2610 404 2650 3.

95 2674 150 2716 42
179 2674 372 2717 Maecius
403 2675 673 2731 Gordianus,
711 2676 922 2721 Gordiani
961 2677 1030 2719 ΙΠ
1069 2675 1224 2719 adfinis
1265 2682 1307 2718 et
1341 2676 1586 2733 praefectus
1629 2678 1851 2734 (praetorii
1862 2677 1904 2732 5³)

178 2742 251 2785 vit.
279 2742 488 2787 Gordian.
509 2747 576 2787 30.

94 2811 150 2852 43
180 2817 401 2855 MAECIVS
432 2819 625 2856 LAETVS
657 2813 901 2870 praefectus
927 2814 1143 2870 praetorio
1164 2828 1265 2856 cum
1283 2812 1469 2856 Aemilio
1492 2813 1731 2869 Papiniano
1762 2830 1799 2858 a.
1823 2815 1905 2856 205

182 2879 251 2922 VI
268 2883 375 2924 228.
426 2881 546 2924 Idem
584 2883 769 2936 fortasse
807 2882 970 2924 Laetus
1005 2888 1183 2938 propter
1220 2881 1488 2924 obsidionem
1527 2897 1658 2939 quam
1697 2881 1838 2923 Nisibi
1878 2898 1904 2923 a

179 2948 353 2991 Parthis
383 2964 611 3006 perpessus
643 2957 735 2993 erat
764 2950 947 3006 gloriam
977 2950 1160 3006 adeptus
1190 2949 1280 2993 Dio
1311 2952 1375 3000 75,
1408 2953 1458 3002 9,·
1486 2951 1576 2992 sine
1607 2950 1735 2992 dubio
1765 2953 1904 2991 autem

178 3016 289 3059 idem
317 3017 480 3060 Laetus
517 3019 763 3075 praefectus
793 3018 986 3075 Aegypti
1016 3034 1042 3061 a
1087 3020 1170 3062 202
1199 3018 1412 3061 Eusebius
1441 3018 1481 3062 h.
1514 3033 1547 3062 e.
1578 3022 1616 3068 6,
1650 3022 1703 3069 2,·
1743 3019 1903 3060 Laetus

182 3083 433 3128 Caracallae
462 3087 576 3129 inter
604 3102 803 3130 suasores
833 3089 982 3130 mortis
1013 3086 1151 3130 Getae
1182 3088 1346 3143 primus
1371 3087 1444 3129 vit.
1472 3086 1625 3130 Carae.
1646 3090 1685 3136 3,
1706 3090 1746 3128 4.
1790 3086 1902 3128 Eum

181 3151 407 3196 Caracalla
445 3154 717 3196 contumeliis
755 3155 920 3209 affecit,
961 3161 1004 3197 et
1043 3155 1331 3197 interfecisset
1369 3169 1489 3208 eum,
1531 3155 1613 3195 nisi
1651 3155 1694 3195 in
1725 3167 1900 3208 gravem

179 3219 376 3263 morbum
420 3221 641 3264 incidisset
683 3221 773 3264 Dio
817 3226 881 3273 77,
916 3225 967 3273 5,·
1021 3221 1247 3265 Caracalla
1291 3237 1390 3264 eum
1435 3221 1490 3263 ad
1537 3228 1716 3263 mortem
1762 3223 1903 3276 coegit

178 3288 350 3344 (paullo
370 3292 473 3343 post
500 3292 676 3333 mortem
702 3289 836 3333 Getae
863 3294 911 3332 ut
939 3289 1119 3344 videtur)
1150 3292 1280 3332 misso
1311 3306 1337 3332 a
1367 3304 1412 3332 se
1442 3303 1610 3331 veneno
1640 3290 1711 3331 vit.
1745 3289 1899 3332 Carae.

179 3356 205 3399 l.
237 3370 293 3407 c.,
333 3358 473 3400 minus
512 3361 708 3401 accurate
738 3362 848 3413 puto
887 3358 993 3413 (noli
1022 3359 1207 3413 eoyitare
1237 3358 1286 3401 de
1326 3358 1487 3400 duobus
1517 3358 1684 3407 Laetis,
1724 3371 1902 3411 quorum
