<?xml version="1.0" encoding="UTF-8"?>
<!DOCTYPE html PUBLIC "-//W3C//DTD XHTML 1.0 Transitional//EN"
    "http://www.w3.org/TR/xhtml1/DTD/xhtml1-transitional.dtd">
<html xmlns="http://www.w3.org/1999/xhtml" xml:lang="en" lang="en">
 <head>
  <title>
</title>
<meta http-equiv="Content-Type" content="text/html;charset=utf-8" />
  <meta name='ocr-system' content='tesseract 3.04.00' />
  <meta name='ocr-capabilities' content='ocr_page ocr_carea ocr_par ocr_line ocrx_word'/>
</head>
<body>
  <div class='ocr_page' id='page_1' title='image "./prosopographiaim02akaduoft/prosopographiaim02akaduoft_0229.png"; bbox 0 0 2202 3724; ppageno 0'>
   <div class='ocr_carea' id='block_1_1' title="bbox 128 272 1932 318">
    <p class='ocr_par' dir='ltr' id='par_1_1' title="bbox 128 272 1932 318">
     <span class='ocr_line' id='line_1_1' title="bbox 128 272 1932 318; baseline 0 -1"><span class='ocrx_word' id='word_1_1' title='bbox 128 280 291 318; x_wconf 80' lang='lat' dir='ltr'>1vL1vs</span> <span class='ocrx_word' id='word_1_2' title='bbox 988 272 1070 318; x_wconf 84' lang='lat'>217</span> <span class='ocrx_word' id='word_1_3' title='bbox 1768 279 1932 317; x_wconf 77' lang='lat' dir='ltr'>Ivmvs</span> 
     </span>
    </p>
   </div>
   <div class='ocr_carea' id='block_1_2' title="bbox 1558 345 1671 349">
    <p class='ocr_par' dir='ltr' id='par_1_2' title="bbox 1558 345 1671 349">
     <span class='ocr_line' id='line_1_2' title="bbox 1558 345 1671 349; baseline 0 0"><span class='ocrx_word' id='word_1_4' title='bbox 1558 345 1671 349; x_wconf 95' lang='lat' dir='ltr'> </span> 
     </span>
    </p>
   </div>
   <div class='ocr_carea' id='block_1_3' title="bbox 129 346 351 352">
    <p class='ocr_par' dir='ltr' id='par_1_3' title="bbox 129 346 351 352">
     <span class='ocr_line' id='line_1_3' title="bbox 129 346 351 352; baseline 0 0"><span class='ocrx_word' id='word_1_5' title='bbox 129 346 351 352; x_wconf 95' lang='lat' dir='ltr'> </span> 
     </span>
    </p>
   </div>
   <div class='ocr_carea' id='block_1_4' title="bbox 114 410 1935 3414">
    <p class='ocr_par' dir='ltr' id='par_1_4' title="bbox 209 410 1935 661">
     <span class='ocr_line' id='line_1_4' title="bbox 212 410 1932 468; baseline 0 -14"><span class='ocrx_word' id='word_1_6' title='bbox 212 426 288 468; x_wconf 85' lang='lat' dir='ltr'>per</span> <span class='ocrx_word' id='word_1_7' title='bbox 327 426 461 454; x_wconf 89' lang='lat' dir='ltr'>annos</span> <span class='ocrx_word' id='word_1_8' title='bbox 501 411 610 454; x_wconf 85' lang='lat' dir='ltr'>duos</span> <span class='ocrx_word' id='word_1_9' title='bbox 653 411 761 454; x_wconf 89' lang='lat' dir='ltr'>obiit</span> <span class='ocrx_word' id='word_1_10' title='bbox 797 426 932 454; x_wconf 90' lang='lat' dir='ltr'>annos</span> <span class='ocrx_word' id='word_1_11' title='bbox 972 418 1098 454; x_wconf 85' lang='lat' dir='ltr'>natus</span> <span class='ocrx_word' id='word_1_12' title='bbox 1138 411 1235 468; x_wconf 91' lang='lat' dir='ltr'>plus</span> <span class='ocrx_word' id='word_1_13' title='bbox 1273 412 1591 468; x_wconf 81' lang='lat' dir='ltr'>quinquaginta</span> <span class='ocrx_word' id='word_1_14' title='bbox 1630 410 1932 454; x_wconf 77' lang='lat' dir='ltr'><em>Philostratus.</em></span> 
     </span>
     <span class='ocr_line' id='line_1_5' title="bbox 211 478 1935 536; baseline -0.001 -13"><span class='ocrx_word' id='word_1_15' title='bbox 211 481 335 523; x_wconf 88' lang='lat' dir='ltr'><strong>Uxor</strong></span> <span class='ocrx_word' id='word_1_16' title='bbox 364 479 490 522; x_wconf 89' lang='lat' dir='ltr'>Aelia</span> <span class='ocrx_word' id='word_1_17' title='bbox 520 478 815 535; x_wconf 87' lang='lat' dir='ltr'>Cephisodora</span> <span class='ocrx_word' id='word_1_18' title='bbox 846 483 873 522; x_wconf 79' lang='lat' dir='ltr'>t.</span> <span class='ocrx_word' id='word_1_19' title='bbox 894 483 937 523; x_wconf 92' lang='lat'>2.</span> <span class='ocrx_word' id='word_1_20' title='bbox 998 479 1135 522; x_wconf 88' lang='lat' dir='ltr'>Filius</span> <span class='ocrx_word' id='word_1_21' title='bbox 1165 479 1301 522; x_wconf 88' lang='lat' dir='ltr'>Iulius</span> <span class='ocrx_word' id='word_1_22' title='bbox 1329 479 1613 536; x_wconf 85' lang='lat' dir='ltr'>Apollodotus</span> <span class='ocrx_word' id='word_1_23' title='bbox 1641 480 1696 522; x_wconf 70' lang='lat' dir='ltr'>ib.</span> <span class='ocrx_word' id='word_1_24' title='bbox 1720 505 1777 510; x_wconf 91' lang='lat'>——</span> <span class='ocrx_word' id='word_1_25' title='bbox 1806 480 1935 522; x_wconf 74' lang='lat' dir='ltr'>Alius</span> 
     </span>
     <span class='ocr_line' id='line_1_6' title="bbox 210 547 1933 604; baseline 0 -14"><span class='ocrx_word' id='word_1_26' title='bbox 210 548 345 591; x_wconf 91' lang='lat' dir='ltr'>Iulius</span> <span class='ocrx_word' id='word_1_27' title='bbox 375 547 647 602; x_wconf 86' lang='lat' dir='ltr'>Theodotus,</span> <span class='ocrx_word' id='word_1_28' title='bbox 689 562 820 604; x_wconf 81' lang='lat' dir='ltr'><strong>eques</strong></span> <span class='ocrx_word' id='word_1_29' title='bbox 851 549 1092 603; x_wconf 87' lang='lat' dir='ltr'>Romanus,</span> <span class='ocrx_word' id='word_1_30' title='bbox 1134 547 1374 591; x_wconf 88' lang='lat' dir='ltr'>conductor</span> <span class='ocrx_word' id='word_1_31' title='bbox 1405 555 1453 590; x_wconf 87' lang='lat' dir='ltr'>ut</span> <span class='ocrx_word' id='word_1_32' title='bbox 1482 548 1658 591; x_wconf 83' lang='lat' dir='ltr'>videtur</span> <span class='ocrx_word' id='word_1_33' title='bbox 1686 548 1933 603; x_wconf 84' lang='lat' dir='ltr'>figlinarum</span> 
     </span>
     <span class='ocr_line' id='line_1_7' title="bbox 209 615 906 661; baseline 0.001 -1"><span class='ocrx_word' id='word_1_34' title='bbox 209 617 403 660; x_wconf 80' lang='lat' dir='ltr'><strong><em>XV526</em></strong></span> <span class='ocrx_word' id='word_1_35' title='bbox 432 630 524 658; x_wconf 80' lang='lat' dir='ltr'>oum</span> <span class='ocrx_word' id='word_1_36' title='bbox 553 620 656 658; x_wconf 76' lang='lat' dir='ltr'>nota</span> <span class='ocrx_word' id='word_1_37' title='bbox 685 615 906 661; x_wconf 65' lang='lat' dir='ltr'>Dresselii.</span> 
     </span>
    </p>

    <p class='ocr_par' dir='ltr' id='par_1_5' title="bbox 124 684 1934 804">
     <span class='ocr_line' id='line_1_8' title="bbox 124 684 1934 741; baseline 0 -13"><span class='ocrx_word' id='word_1_38' title='bbox 124 687 204 729; x_wconf 84' lang='lat'>391</span> <span class='ocrx_word' id='word_1_39' title='bbox 238 685 374 728; x_wconf 90' lang='lat' dir='ltr'>Iulius</span> <span class='ocrx_word' id='word_1_40' title='bbox 412 684 652 741; x_wconf 89' lang='lat' dir='ltr'>Threptus,</span> <span class='ocrx_word' id='word_1_41' title='bbox 695 686 739 727; x_wconf 91' lang='lat' dir='ltr'>in</span> <span class='ocrx_word' id='word_1_42' title='bbox 779 692 1033 728; x_wconf 88' lang='lat' dir='ltr'>testamento</span> <span class='ocrx_word' id='word_1_43' title='bbox 1074 685 1271 728; x_wconf 87' lang='lat' dir='ltr'>Dasumii</span> <span class='ocrx_word' id='word_1_44' title='bbox 1318 686 1430 728; x_wconf 88' lang='lat' dir='ltr'>inter</span> <span class='ocrx_word' id='word_1_45' title='bbox 1470 687 1630 728; x_wconf 87' lang='lat' dir='ltr'>amicos</span> <span class='ocrx_word' id='word_1_46' title='bbox 1671 692 1719 728; x_wconf 91' lang='lat' dir='ltr'>ut</span> <span class='ocrx_word' id='word_1_47' title='bbox 1758 685 1934 728; x_wconf 76' lang='lat' dir='ltr'>videtui·</span> 
     </span>
     <span class='ocr_line' id='line_1_9' title="bbox 208 755 1084 804; baseline 0 -8"><span class='ocrx_word' id='word_1_48' title='bbox 208 756 425 797; x_wconf 84' lang='lat' dir='ltr'>testatoris</span> <span class='ocrx_word' id='word_1_49' title='bbox 456 755 701 797; x_wconf 86' lang='lat' dir='ltr'>nominatus</span> <span class='ocrx_word' id='word_1_50' title='bbox 735 755 803 797; x_wconf 87' lang='lat' dir='ltr'>VI</span> <span class='ocrx_word' id='word_1_51' title='bbox 823 757 980 804; x_wconf 84' lang='lat'><strong><em>10229,</em></strong></span> <span class='ocrx_word' id='word_1_52' title='bbox 1012 757 1084 798; x_wconf 83' lang='lat'>28.</span> 
     </span>
    </p>

    <p class='ocr_par' dir='ltr' id='par_1_6' title="bbox 137 822 979 867">
     <span class='ocr_line' id='line_1_10' title="bbox 137 822 979 867; baseline 0.001 -2"><span class='ocrx_word' id='word_1_53' title='bbox 137 847 195 853; x_wconf 89' lang='lat'>—-</span> <span class='ocrx_word' id='word_1_54' title='bbox 239 823 307 867; x_wconf 89' lang='lat' dir='ltr'>Ti.</span> <span class='ocrx_word' id='word_1_55' title='bbox 335 822 473 865; x_wconf 89' lang='lat' dir='ltr'>Iulius</span> <span class='ocrx_word' id='word_1_56' title='bbox 504 823 687 865; x_wconf 90' lang='lat' dir='ltr'>Tiranes</span> <span class='ocrx_word' id='word_1_57' title='bbox 715 837 754 866; x_wconf 82' lang='lat' dir='ltr'>v.</span> <span class='ocrx_word' id='word_1_58' title='bbox 785 823 979 866; x_wconf 84' lang='lat' dir='ltr'>TiraneS.</span> 
     </span>
    </p>

    <p class='ocr_par' dir='ltr' id='par_1_7' title="bbox 121 882 1931 1015">
     <span class='ocr_line' id='line_1_11' title="bbox 121 882 1931 947; baseline 0 -13"><span class='ocrx_word' id='word_1_59' title='bbox 121 892 205 934; x_wconf 85' lang='lat'>392</span> <span class='ocrx_word' id='word_1_60' title='bbox 235 891 371 934; x_wconf 90' lang='lat' dir='ltr'>Iulius</span> <span class='ocrx_word' id='word_1_61' title='bbox 401 891 526 933; x_wconf 89' lang='lat' dir='ltr'>Tiro:</span> <span class='ocrx_word' id='word_1_62' title='bbox 559 891 613 933; x_wconf 91' lang='lat' dir='ltr'>de</span> <span class='ocrx_word' id='word_1_63' title='bbox 640 890 851 933; x_wconf 84' lang='lat' dir='ltr'>codicillis</span> <span class='ocrx_word' id='word_1_64' title='bbox 881 892 973 933; x_wconf 90' lang='lat' dir='ltr'>eius</span> <span class='ocrx_word' id='word_1_65' title='bbox 1004 905 1135 933; x_wconf 87' lang='lat' dir='ltr'>causa</span> <span class='ocrx_word' id='word_1_66' title='bbox 1165 889 1262 932; x_wconf 82' lang='lat' dir='ltr'>falsi</span> <span class='ocrx_word' id='word_1_67' title='bbox 1293 897 1391 933; x_wconf 85' lang='lat' dir='ltr'>acta</span> <span class='ocrx_word' id='word_1_68' title='bbox 1419 891 1537 947; x_wconf 89' lang='lat' dir='ltr'>apud</span> <span class='ocrx_word' id='word_1_69' title='bbox 1558 882 1794 934; x_wconf 86' lang='lat' dir='ltr'>Traianum</span> <span class='ocrx_word' id='word_1_70' title='bbox 1814 891 1931 935; x_wconf 70' lang='lat' dir='ltr'>le.</span> 
     </span>
     <span class='ocr_line' id='line_1_12' title="bbox 207 963 475 1015; baseline -0.011 -11"><span class='ocrx_word' id='word_1_71' title='bbox 207 975 268 1015; x_wconf 76' lang='lat' dir='ltr'>ep.</span> <span class='ocrx_word' id='word_1_72' title='bbox 290 963 328 1010; x_wconf 87' lang='lat'>6,</span> <span class='ocrx_word' id='word_1_73' title='bbox 349 963 416 1010; x_wconf 87' lang='lat'>31,</span> <span class='ocrx_word' id='word_1_74' title='bbox 440 963 475 1002; x_wconf 84' lang='lat'>7.</span> 
     </span>
    </p>

    <p class='ocr_par' dir='ltr' id='par_1_8' title="bbox 120 1026 1929 1152">
     <span class='ocr_line' id='line_1_13' title="bbox 120 1026 1929 1084; baseline 0 -13"><span class='ocrx_word' id='word_1_75' title='bbox 120 1029 204 1071; x_wconf 87' lang='lat'>393</span> <span class='ocrx_word' id='word_1_76' title='bbox 236 1035 277 1071; x_wconf 83' lang='lat' dir='ltr'>c,</span> <span class='ocrx_word' id='word_1_77' title='bbox 308 1034 475 1070; x_wconf 81' lang='lat' dir='ltr'>1vL1vs</span> <span class='ocrx_word' id='word_1_78' title='bbox 507 1034 624 1069; x_wconf 78' lang='lat' dir='ltr'>Tmo</span> <span class='ocrx_word' id='word_1_79' title='bbox 657 1033 969 1069; x_wconf 76' lang='lat' dir='ltr'>GAETvmcvs</span> <span class='ocrx_word' id='word_1_80' title='bbox 1000 1027 1047 1071; x_wconf 83' lang='lat' dir='ltr'>O.</span> <span class='ocrx_word' id='word_1_81' title='bbox 1080 1026 1131 1081; x_wconf 68' lang='lat' dir='ltr'><strong><em>fj,</em></strong></span> <span class='ocrx_word' id='word_1_82' title='bbox 1174 1027 1290 1069; x_wconf 84' lang='lat' dir='ltr'>tribu</span> <span class='ocrx_word' id='word_1_83' title='bbox 1321 1026 1440 1082; x_wconf 54' lang='grc' dir='ltr'>Θαὶς</span> <span class='ocrx_word' id='word_1_84' title='bbox 1481 1035 1685 1084; x_wconf 82' lang='lat' dir='ltr'><strong>quaestor</strong></span> <span class='ocrx_word' id='word_1_85' title='bbox 1725 1028 1929 1084; x_wconf 80' lang='lat' dir='ltr'>urbanus,</span> 
     </span>
     <span class='ocr_line' id='line_1_14' title="bbox 205 1095 1382 1152; baseline 0 -14"><span class='ocrx_word' id='word_1_86' title='bbox 205 1096 406 1138; x_wconf 85' lang='lat' dir='ltr'>tribunus</span> <span class='ocrx_word' id='word_1_87' title='bbox 436 1095 586 1152; x_wconf 90' lang='lat' dir='ltr'>plebis,</span> <span class='ocrx_word' id='word_1_88' title='bbox 618 1102 792 1152; x_wconf 85' lang='lat' dir='ltr'>praetor</span> <span class='ocrx_word' id='word_1_89' title='bbox 821 1099 849 1138; x_wconf 83' lang='lat' dir='ltr'>t.</span> <span class='ocrx_word' id='word_1_90' title='bbox 880 1095 1152 1138; x_wconf 55' lang='lat' dir='ltr'>Ebusitaoms</span> <span class='ocrx_word' id='word_1_91' title='bbox 1182 1095 1243 1137; x_wconf 90' lang='grc' dir='ltr'>ΙΙ</span> <span class='ocrx_word' id='word_1_92' title='bbox 1263 1098 1382 1138; x_wconf 82' lang='grc'><em>3661.</em></span> 
     </span>
    </p>

    <p class='ocr_par' dir='ltr' id='par_1_9' title="bbox 121 1163 1933 1838">
     <span class='ocr_line' id='line_1_15' title="bbox 121 1163 1932 1221; baseline 0.001 -14"><span class='ocrx_word' id='word_1_93' title='bbox 121 1166 206 1207; x_wconf 86' lang='grc'><em>394</em></span> <span class='ocrx_word' id='word_1_94' title='bbox 235 1164 372 1207; x_wconf 90' lang='lat' dir='ltr'>Iulius</span> <span class='ocrx_word' id='word_1_95' title='bbox 402 1164 601 1207; x_wconf 79' lang='lat' dir='ltr'>Titianus</span> <span class='ocrx_word' id='word_1_96' title='bbox 640 1165 717 1218; x_wconf 64' lang='lat' dir='ltr'>(sic</span> <span class='ocrx_word' id='word_1_97' title='bbox 747 1164 1019 1218; x_wconf 61' lang='lat' dir='ltr'>plen-umque,</span> <span class='ocrx_word' id='word_1_98' title='bbox 1059 1163 1272 1205; x_wconf 61' lang='lat' dir='ltr'>{merdam</span> <span class='ocrx_word' id='word_1_99' title='bbox 1302 1163 1533 1218; x_wconf 81' lang='lat' dir='ltr'>Titianus),</span> <span class='ocrx_word' id='word_1_100' title='bbox 1575 1166 1747 1221; x_wconf 81' lang='lat' dir='ltr'>scripsit</span> <span class='ocrx_word' id='word_1_101' title='bbox 1786 1166 1932 1208; x_wconf 90' lang='lat' dir='ltr'>choro-</span> 
     </span>
     <span class='ocr_line' id='line_1_16' title="bbox 204 1231 1933 1290; baseline 0.002 -16"><span class='ocrx_word' id='word_1_102' title='bbox 204 1233 433 1290; x_wconf 86' lang='lat' dir='ltr'>graphiam</span> <span class='ocrx_word' id='word_1_103' title='bbox 464 1233 581 1276; x_wconf 66' lang='lat' dir='ltr'>Serv.</span> <span class='ocrx_word' id='word_1_104' title='bbox 604 1232 712 1276; x_wconf 77' lang='lat' dir='ltr'>Aen.</span> <span class='ocrx_word' id='word_1_105' title='bbox 732 1236 772 1283; x_wconf 98' lang='grc'>4,</span> <span class='ocrx_word' id='word_1_106' title='bbox 793 1235 862 1282; x_wconf 97' lang='grc'>42,</span> <span class='ocrx_word' id='word_1_107' title='bbox 893 1231 1127 1286; x_wconf 71' lang='lat' dir='ltr'>Greyorius</span> <span class='ocrx_word' id='word_1_108' title='bbox 1152 1231 1309 1273; x_wconf 68' lang='lat' dir='ltr'>Tmou.</span> <span class='ocrx_word' id='word_1_109' title='bbox 1342 1231 1391 1274; x_wconf 80' lang='lat' dir='ltr'>de</span> <span class='ocrx_word' id='word_1_110' title='bbox 1421 1245 1546 1274; x_wconf 76' lang='lat' dir='ltr'>cursu</span> <span class='ocrx_word' id='word_1_111' title='bbox 1575 1233 1793 1276; x_wconf 63' lang='lat' dir='ltr'>stellarum</span> <span class='ocrx_word' id='word_1_112' title='bbox 1824 1249 1858 1278; x_wconf 82' lang='lat' dir='ltr'>c.</span> <span class='ocrx_word' id='word_1_113' title='bbox 1880 1239 1933 1278; x_wconf 88' lang='lat'>13</span> 
     </span>
     <span class='ocr_line' id='line_1_17' title="bbox 205 1300 1930 1357; baseline 0.001 -13"><span class='ocrx_word' id='word_1_114' title='bbox 205 1302 345 1357; x_wconf 74' lang='lat' dir='ltr'>(Mon.</span> <span class='ocrx_word' id='word_1_115' title='bbox 383 1301 549 1352; x_wconf 71' lang='lat' dir='ltr'>Germ,</span> <span class='ocrx_word' id='word_1_116' title='bbox 590 1314 671 1344; x_wconf 71' lang='lat' dir='ltr'>sor.</span> <span class='ocrx_word' id='word_1_117' title='bbox 706 1316 790 1344; x_wconf 79' lang='lat' dir='ltr'>rer.</span> <span class='ocrx_word' id='word_1_118' title='bbox 823 1301 1060 1354; x_wconf 69' lang='lat' dir='ltr'>Merovmq.</span> <span class='ocrx_word' id='word_1_119' title='bbox 1082 1300 1116 1342; x_wconf 93' lang='lat' dir='ltr'><em>I</em></span> <span class='ocrx_word' id='word_1_120' title='bbox 1137 1303 1169 1342; x_wconf 92' lang='lat'><strong><em>2</em></strong></span> <span class='ocrx_word' id='word_1_121' title='bbox 1190 1314 1239 1354; x_wconf 75' lang='lat' dir='ltr'>p.</span> <span class='ocrx_word' id='word_1_122' title='bbox 1259 1300 1376 1354; x_wconf 83' lang='lat'><strong><em>862),</em></strong></span> <span class='ocrx_word' id='word_1_123' title='bbox 1421 1302 1759 1356; x_wconf 86' lang='lat' dir='ltr'>‘provinciarum</span> <span class='ocrx_word' id='word_1_124' title='bbox 1798 1303 1930 1346; x_wconf 91' lang='lat' dir='ltr'>libros</span> 
     </span>
     <span class='ocr_line' id='line_1_18' title="bbox 204 1369 1930 1427; baseline 0.001 -15"><span class='ocrx_word' id='word_1_125' title='bbox 204 1370 531 1427; x_wconf 85' lang='lat' dir='ltr'>pulcherrimos‘</span> <span class='ocrx_word' id='word_1_126' title='bbox 564 1371 636 1413; x_wconf 67' lang='lat' dir='ltr'>vit.</span> <span class='ocrx_word' id='word_1_127' title='bbox 670 1369 902 1412; x_wconf 72' lang='lat' dir='ltr'>Maoeimin.</span> <span class='ocrx_word' id='word_1_128' title='bbox 932 1371 1002 1419; x_wconf 83' lang='lat'>27,</span> <span class='ocrx_word' id='word_1_129' title='bbox 1034 1371 1082 1419; x_wconf 86' lang='lat'>5,</span> <span class='ocrx_word' id='word_1_130' title='bbox 1125 1375 1351 1424; x_wconf 89' lang='lat' dir='ltr'>praeterea</span> <span class='ocrx_word' id='word_1_131' title='bbox 1390 1370 1597 1426; x_wconf 82' lang='lat' dir='ltr'>epistulas</span> <span class='ocrx_word' id='word_1_132' title='bbox 1638 1371 1718 1413; x_wconf 92' lang='lat' dir='ltr'>sub</span> <span class='ocrx_word' id='word_1_133' title='bbox 1758 1373 1930 1415; x_wconf 92' lang='lat' dir='ltr'>nomine</span> 
     </span>
     <span class='ocr_line' id='line_1_19' title="bbox 203 1436 1930 1492; baseline 0.001 -11"><span class='ocrx_word' id='word_1_134' title='bbox 203 1437 436 1481; x_wconf 87' lang='lat' dir='ltr'>illustrium</span> <span class='ocrx_word' id='word_1_135' title='bbox 475 1439 734 1480; x_wconf 86' lang='lat' dir='ltr'>feminarum</span> <span class='ocrx_word' id='word_1_136' title='bbox 774 1438 957 1480; x_wconf 90' lang='lat' dir='ltr'>ficticias</span> <span class='ocrx_word' id='word_1_137' title='bbox 989 1437 1137 1480; x_wconf 74' lang='lat' dir='ltr'>Sidon.</span> <span class='ocrx_word' id='word_1_138' title='bbox 1169 1437 1312 1491; x_wconf 78' lang='lat' dir='ltr'>Apoll.</span> <span class='ocrx_word' id='word_1_139' title='bbox 1345 1452 1406 1492; x_wconf 78' lang='lat' dir='ltr'>ep.</span> <span class='ocrx_word' id='word_1_140' title='bbox 1439 1441 1484 1488; x_wconf 89' lang='lat'>1,</span> <span class='ocrx_word' id='word_1_141' title='bbox 1515 1436 1568 1488; x_wconf 72' lang='lat'><strong><em>1,</em></strong></span> <span class='ocrx_word' id='word_1_142' title='bbox 1597 1439 1930 1483; x_wconf 77' lang='lat' dir='ltr'>declamationes</span> 
     </span>
     <span class='ocr_line' id='line_1_20' title="bbox 204 1505 1930 1563; baseline 0.001 -14"><span class='ocrx_word' id='word_1_143' title='bbox 204 1508 358 1563; x_wconf 88' lang='lat' dir='ltr'>petitas</span> <span class='ocrx_word' id='word_1_144' title='bbox 389 1522 444 1548; x_wconf 86' lang='lat' dir='ltr'>ex</span> <span class='ocrx_word' id='word_1_145' title='bbox 473 1506 667 1561; x_wconf 88' lang='lat' dir='ltr'>Vergilio</span> <span class='ocrx_word' id='word_1_146' title='bbox 699 1507 816 1550; x_wconf 57' lang='lat' dir='ltr'>Serv.</span> <span class='ocrx_word' id='word_1_147' title='bbox 838 1507 946 1550; x_wconf 77' lang='lat' dir='ltr'>Aen.</span> <span class='ocrx_word' id='word_1_148' title='bbox 980 1510 1046 1556; x_wconf 88' lang='grc'>10,</span> <span class='ocrx_word' id='word_1_149' title='bbox 1079 1509 1157 1557; x_wconf 90' lang='grc'>18;</span> <span class='ocrx_word' id='word_1_150' title='bbox 1189 1505 1426 1562; x_wconf 86' lang='lat' dir='ltr'>‘apologos’</span> <span class='ocrx_word' id='word_1_151' title='bbox 1460 1508 1551 1548; x_wconf 87' lang='lat' dir='ltr'>sive</span> <span class='ocrx_word' id='word_1_152' title='bbox 1585 1507 1754 1550; x_wconf 88' lang='lat' dir='ltr'>fabulas</span> <span class='ocrx_word' id='word_1_153' title='bbox 1784 1524 1930 1551; x_wconf 80' lang='lat' dir='ltr'>versas</span> 
     </span>
     <span class='ocr_line' id='line_1_21' title="bbox 202 1575 1931 1630; baseline 0.002 -14"><span class='ocrx_word' id='word_1_154' title='bbox 202 1591 258 1617; x_wconf 84' lang='lat' dir='ltr'>ex</span> <span class='ocrx_word' id='word_1_155' title='bbox 281 1575 450 1619; x_wconf 85' lang='lat' dir='ltr'>Graeco</span> <span class='ocrx_word' id='word_1_156' title='bbox 472 1576 688 1618; x_wconf 69' lang='lat' dir='ltr'>Ausonius</span> <span class='ocrx_word' id='word_1_157' title='bbox 707 1590 769 1629; x_wconf 76' lang='lat' dir='ltr'>ep.</span> <span class='ocrx_word' id='word_1_158' title='bbox 792 1579 857 1626; x_wconf 85' lang='lat'>16,</span> <span class='ocrx_word' id='word_1_159' title='bbox 880 1579 917 1619; x_wconf 90' lang='lat'>1.</span> <span class='ocrx_word' id='word_1_160' title='bbox 939 1578 970 1619; x_wconf 90' lang='lat'><strong><em>2</em></strong></span> <span class='ocrx_word' id='word_1_161' title='bbox 997 1589 1034 1617; x_wconf 80' lang='lat' dir='ltr'>v.</span> <span class='ocrx_word' id='word_1_162' title='bbox 1055 1578 1123 1617; x_wconf 87' lang='grc'>81.</span> <span class='ocrx_word' id='word_1_163' title='bbox 1143 1577 1229 1618; x_wconf 92' lang='grc'>102</span> <span class='ocrx_word' id='word_1_164' title='bbox 1258 1576 1361 1630; x_wconf 66' lang='lat' dir='ltr'>(nisi</span> <span class='ocrx_word' id='word_1_165' title='bbox 1385 1575 1461 1617; x_wconf 78' lang='lat' dir='ltr'>hoc</span> <span class='ocrx_word' id='word_1_166' title='bbox 1484 1589 1586 1630; x_wconf 79' lang='lat' dir='ltr'>opus</span> <span class='ocrx_word' id='word_1_167' title='bbox 1607 1590 1698 1618; x_wconf 78' lang='lat' dir='ltr'>oum</span> <span class='ocrx_word' id='word_1_168' title='bbox 1718 1578 1931 1620; x_wconf 66' lang='lat' dir='ltr'>nonnullis</span> 
     </span>
     <span class='ocr_line' id='line_1_22' title="bbox 201 1644 1930 1700; baseline 0.002 -14"><span class='ocrx_word' id='word_1_169' title='bbox 201 1645 467 1687; x_wconf 74' lang='lat' dir='ltr'>tribuendum</span> <span class='ocrx_word' id='word_1_170' title='bbox 498 1648 559 1687; x_wconf 78' lang='lat' dir='ltr'>est</span> <span class='ocrx_word' id='word_1_171' title='bbox 590 1645 761 1686; x_wconf 68' lang='lat' dir='ltr'>Titiano</span> <span class='ocrx_word' id='word_1_172' title='bbox 789 1644 921 1700; x_wconf 72' lang='lat' dir='ltr'>filio),·</span> <span class='ocrx_word' id='word_1_173' title='bbox 950 1650 1174 1700; x_wconf 89' lang='lat' dir='ltr'>praeterea</span> <span class='ocrx_word' id='word_1_174' title='bbox 1205 1645 1364 1686; x_wconf 87' lang='lat' dir='ltr'>citatur</span> <span class='ocrx_word' id='word_1_175' title='bbox 1395 1645 1512 1688; x_wconf 79' lang='lat' dir='ltr'>Serv.</span> <span class='ocrx_word' id='word_1_176' title='bbox 1546 1645 1604 1686; x_wconf 78' lang='lat' dir='ltr'>ad</span> <span class='ocrx_word' id='word_1_177' title='bbox 1621 1645 1729 1690; x_wconf 77' lang='lat' dir='ltr'>Aen.</span> <span class='ocrx_word' id='word_1_178' title='bbox 1762 1650 1825 1697; x_wconf 93' lang='lat'>11,</span> <span class='ocrx_word' id='word_1_179' title='bbox 1852 1650 1930 1689; x_wconf 87' lang='grc'><em>651</em></span> 
     </span>
     <span class='ocr_line' id='line_1_23' title="bbox 202 1712 1928 1769; baseline 0.002 -15"><span class='ocrx_word' id='word_1_180' title='bbox 202 1713 315 1768; x_wconf 70' lang='lat' dir='ltr'>(inde</span> <span class='ocrx_word' id='word_1_181' title='bbox 330 1713 485 1755; x_wconf 80' lang='lat' dir='ltr'>Isidor.</span> <span class='ocrx_word' id='word_1_182' title='bbox 507 1728 567 1756; x_wconf 84' lang='lat' dir='ltr'>or.</span> <span class='ocrx_word' id='word_1_183' title='bbox 588 1717 627 1764; x_wconf 85' lang='lat'>9,</span> <span class='ocrx_word' id='word_1_184' title='bbox 647 1716 690 1763; x_wconf 89' lang='grc'><em>2,</em></span> <span class='ocrx_word' id='word_1_185' title='bbox 714 1713 795 1767; x_wconf 87' lang='grc'><em>64).</em></span> <span class='ocrx_word' id='word_1_186' title='bbox 827 1712 1061 1755; x_wconf 89' lang='lat' dir='ltr'>Oratorum</span> <span class='ocrx_word' id='word_1_187' title='bbox 1082 1714 1206 1754; x_wconf 90' lang='lat' dir='ltr'>simia</span> <span class='ocrx_word' id='word_1_188' title='bbox 1226 1719 1499 1769; x_wconf 87' lang='lat' dir='ltr'>nuncupatus</span> <span class='ocrx_word' id='word_1_189' title='bbox 1517 1713 1664 1756; x_wconf 62' lang='lat' dir='ltr'>Sidon.</span> <span class='ocrx_word' id='word_1_190' title='bbox 1680 1714 1823 1768; x_wconf 76' lang='lat' dir='ltr'>Apoll.</span> <span class='ocrx_word' id='word_1_191' title='bbox 1843 1715 1868 1757; x_wconf 79' lang='lat' dir='ltr'>l.</span> <span class='ocrx_word' id='word_1_192' title='bbox 1882 1730 1928 1765; x_wconf 82' lang='lat' dir='ltr'><strong><em>c.,</em></strong></span> 
     </span>
     <span class='ocr_line' id='line_1_24' title="bbox 202 1781 1929 1838; baseline 0.001 -15"><span class='ocrx_word' id='word_1_193' title='bbox 202 1782 344 1824; x_wconf 76' lang='lat' dir='ltr'>(lictus</span> <span class='ocrx_word' id='word_1_194' title='bbox 365 1782 489 1823; x_wconf 87' lang='lat' dir='ltr'>simia</span> <span class='ocrx_word' id='word_1_195' title='bbox 510 1783 716 1838; x_wconf 89' lang='lat' dir='ltr'>temporis</span> <span class='ocrx_word' id='word_1_196' title='bbox 737 1783 804 1823; x_wconf 87' lang='lat' dir='ltr'>sui</span> <span class='ocrx_word' id='word_1_197' title='bbox 826 1781 942 1838; x_wconf 87' lang='lat' dir='ltr'>quod</span> <span class='ocrx_word' id='word_1_198' title='bbox 963 1783 1108 1823; x_wconf 88' lang='lat' dir='ltr'>omnia</span> <span class='ocrx_word' id='word_1_199' title='bbox 1129 1788 1241 1823; x_wconf 89' lang='lat' dir='ltr'>esset</span> <span class='ocrx_word' id='word_1_200' title='bbox 1266 1783 1456 1824; x_wconf 88' lang='lat' dir='ltr'>imitatus</span> <span class='ocrx_word' id='word_1_201' title='bbox 1485 1783 1556 1824; x_wconf 68' lang='lat' dir='ltr'>vit.</span> <span class='ocrx_word' id='word_1_202' title='bbox 1582 1782 1813 1826; x_wconf 72' lang='lat' dir='ltr'>Maximin.</span> <span class='ocrx_word' id='word_1_203' title='bbox 1846 1784 1872 1826; x_wconf 82' lang='lat' dir='ltr'>l.</span> <span class='ocrx_word' id='word_1_204' title='bbox 1895 1799 1929 1827; x_wconf 77' lang='lat' dir='ltr'>c.</span> 
     </span>
    </p>

    <p class='ocr_par' dir='ltr' id='par_1_10' title="bbox 118 1850 1930 2182">
     <span class='ocr_line' id='line_1_25' title="bbox 118 1850 1930 1906; baseline 0.002 -14"><span class='ocrx_word' id='word_1_205' title='bbox 118 1851 200 1892; x_wconf 85' lang='lat'>395</span> <span class='ocrx_word' id='word_1_206' title='bbox 233 1850 407 1905; x_wconf 88' lang='lat' dir='ltr'>(Iulius)</span> <span class='ocrx_word' id='word_1_207' title='bbox 448 1850 669 1905; x_wconf 78' lang='lat' dir='ltr'>Titianus,</span> <span class='ocrx_word' id='word_1_208' title='bbox 715 1850 831 1892; x_wconf 90' lang='lat' dir='ltr'>filius</span> <span class='ocrx_word' id='word_1_209' title='bbox 878 1851 969 1892; x_wconf 88' lang='lat' dir='ltr'>eius</span> <span class='ocrx_word' id='word_1_210' title='bbox 1010 1851 1084 1906; x_wconf 93' lang='lat' dir='ltr'>qui</span> <span class='ocrx_word' id='word_1_211' title='bbox 1130 1850 1372 1906; x_wconf 88' lang='lat' dir='ltr'>praecedit:</span> <span class='ocrx_word' id='word_1_212' title='bbox 1417 1865 1467 1892; x_wconf 95' lang='lat' dir='ltr'>eo</span> <span class='ocrx_word' id='word_1_213' title='bbox 1514 1857 1683 1893; x_wconf 89' lang='lat' dir='ltr'>oratore</span> <span class='ocrx_word' id='word_1_214' title='bbox 1722 1867 1826 1894; x_wconf 90' lang='lat' dir='ltr'>usus</span> <span class='ocrx_word' id='word_1_215' title='bbox 1867 1860 1930 1895; x_wconf 90' lang='lat' dir='ltr'>est</span> 
     </span>
     <span class='ocr_line' id='line_1_26' title="bbox 202 1919 1927 1975; baseline 0.001 -14"><span class='ocrx_word' id='word_1_216' title='bbox 202 1919 467 1961; x_wconf 81' lang='lat' dir='ltr'>Maximinus</span> <span class='ocrx_word' id='word_1_217' title='bbox 507 1920 651 1961; x_wconf 88' lang='lat' dir='ltr'>iunior</span> <span class='ocrx_word' id='word_1_218' title='bbox 689 1920 761 1961; x_wconf 68' lang='lat' dir='ltr'>vit.</span> <span class='ocrx_word' id='word_1_219' title='bbox 804 1919 1034 1961; x_wconf 63' lang='lat' dir='ltr'>Maximam.</span> <span class='ocrx_word' id='word_1_220' title='bbox 1065 1923 1136 1969; x_wconf 89' lang='grc'>27,</span> <span class='ocrx_word' id='word_1_221' title='bbox 1168 1923 1207 1962; x_wconf 87' lang='grc'>5.</span> <span class='ocrx_word' id='word_1_222' title='bbox 1264 1919 1382 1961; x_wconf 79' lang='lat' dir='ltr'>Idem</span> <span class='ocrx_word' id='word_1_223' title='bbox 1420 1920 1512 1961; x_wconf 71' lang='lat' dir='ltr'>sine</span> <span class='ocrx_word' id='word_1_224' title='bbox 1551 1919 1679 1961; x_wconf 67' lang='lat' dir='ltr'>dubio</span> <span class='ocrx_word' id='word_1_225' title='bbox 1718 1921 1927 1975; x_wconf 79' lang='lat' dir='ltr'>Titianus,</span> 
     </span>
     <span class='ocr_line' id='line_1_27' title="bbox 200 1986 1926 2044; baseline 0.001 -14"><span class='ocrx_word' id='word_1_226' title='bbox 200 1989 313 2030; x_wconf 85' lang='lat' dir='ltr'>inter</span> <span class='ocrx_word' id='word_1_227' title='bbox 350 1995 650 2044; x_wconf 84' lang='lat' dir='ltr'>praeceptores</span> <span class='ocrx_word' id='word_1_228' title='bbox 690 1988 990 2042; x_wconf 87' lang='lat' dir='ltr'>Augustorum</span> <span class='ocrx_word' id='word_1_229' title='bbox 1029 1986 1353 2044; x_wconf 81' lang='lat' dir='ltr'>Caesarumque</span> <span class='ocrx_word' id='word_1_230' title='bbox 1393 1988 1630 2030; x_wconf 89' lang='lat' dir='ltr'>recensitus</span> <span class='ocrx_word' id='word_1_231' title='bbox 1671 1988 1725 2030; x_wconf 89' lang='lat' dir='ltr'>ab</span> <span class='ocrx_word' id='word_1_232' title='bbox 1764 1989 1926 2032; x_wconf 67' lang='lat' dir='ltr'>Auso‘n.</span> 
     </span>
     <span class='ocr_line' id='line_1_28' title="bbox 197 2056 1929 2113; baseline 0.001 -15"><span class='ocrx_word' id='word_1_233' title='bbox 197 2060 310 2110; x_wconf 74' lang='lat' dir='ltr'>yrat.</span> <span class='ocrx_word' id='word_1_234' title='bbox 333 2060 413 2099; x_wconf 77' lang='lat' dir='ltr'>aet.</span> <span class='ocrx_word' id='word_1_235' title='bbox 437 2060 475 2107; x_wconf 85' lang='lat'>7,</span> <span class='ocrx_word' id='word_1_236' title='bbox 496 2061 576 2109; x_wconf 83' lang='lat'><strong><em>31,·</em></strong></span> <span class='ocrx_word' id='word_1_237' title='bbox 605 2056 926 2113; x_wconf 80' lang='lat' dir='ltr'>‘municipalem</span> <span class='ocrx_word' id='word_1_238' title='bbox 958 2056 1147 2099; x_wconf 88' lang='lat' dir='ltr'>scholam</span> <span class='ocrx_word' id='word_1_239' title='bbox 1177 2057 1293 2113; x_wconf 87' lang='lat' dir='ltr'>apud</span> <span class='ocrx_word' id='word_1_240' title='bbox 1319 2057 1618 2100; x_wconf 89' lang='lat' dir='ltr'>Visontionem</span> <span class='ocrx_word' id='word_1_241' title='bbox 1646 2057 1929 2111; x_wconf 88' lang='lat' dir='ltr'>Lugdunum-</span> 
     </span>
     <span class='ocr_line' id='line_1_29' title="bbox 201 2125 1927 2182; baseline 0.002 -15"><span class='ocrx_word' id='word_1_242' title='bbox 201 2140 285 2182; x_wconf 92' lang='lat' dir='ltr'>que</span> <span class='ocrx_word' id='word_1_243' title='bbox 306 2125 515 2167; x_wconf 85' lang='lat' dir='ltr'>variando</span> <span class='ocrx_word' id='word_1_244' title='bbox 545 2141 632 2168; x_wconf 90' lang='lat' dir='ltr'>non</span> <span class='ocrx_word' id='word_1_245' title='bbox 663 2132 804 2168; x_wconf 85' lang='lat' dir='ltr'>aetate</span> <span class='ocrx_word' id='word_1_246' title='bbox 826 2125 1014 2182; x_wconf 90' lang='lat' dir='ltr'>quidem,</span> <span class='ocrx_word' id='word_1_247' title='bbox 1047 2126 1123 2168; x_wconf 84' lang='lat' dir='ltr'>sed</span> <span class='ocrx_word' id='word_1_248' title='bbox 1143 2126 1310 2168; x_wconf 85' lang='lat' dir='ltr'>vilitate</span> <span class='ocrx_word' id='word_1_249' title='bbox 1340 2127 1580 2168; x_wconf 85' lang='lat' dir='ltr'>consenuit&#39;</span> <span class='ocrx_word' id='word_1_250' title='bbox 1604 2126 1823 2168; x_wconf 75' lang='lat' dir='ltr'>Ausonius</span> <span class='ocrx_word' id='word_1_251' title='bbox 1844 2127 1869 2171; x_wconf 83' lang='lat' dir='ltr'>l.</span> <span class='ocrx_word' id='word_1_252' title='bbox 1894 2142 1927 2170; x_wconf 78' lang='lat' dir='ltr'>e.</span> 
     </span>
    </p>

    <p class='ocr_par' dir='ltr' id='par_1_11' title="bbox 117 2194 1928 2317">
     <span class='ocr_line' id='line_1_30' title="bbox 117 2194 1928 2251; baseline 0.001 -15"><span class='ocrx_word' id='word_1_253' title='bbox 117 2194 200 2236; x_wconf 88' lang='lat'>396</span> <span class='ocrx_word' id='word_1_254' title='bbox 230 2194 367 2236; x_wconf 90' lang='lat' dir='ltr'>Iulius</span> <span class='ocrx_word' id='word_1_255' title='bbox 387 2194 566 2251; x_wconf 82' lang='lat' dir='ltr'>Trypho</span> <span class='ocrx_word' id='word_1_256' title='bbox 589 2194 808 2237; x_wconf 89' lang='lat' dir='ltr'>orientalis</span> <span class='ocrx_word' id='word_1_257' title='bbox 833 2194 981 2237; x_wconf 88' lang='lat' dir='ltr'>limitis</span> <span class='ocrx_word' id='word_1_258' title='bbox 1003 2194 1095 2236; x_wconf 87' lang='lat' dir='ltr'>dux</span> <span class='ocrx_word' id='word_1_259' title='bbox 1117 2194 1198 2237; x_wconf 90' lang='lat' dir='ltr'>sub</span> <span class='ocrx_word' id='word_1_260' title='bbox 1218 2194 1451 2238; x_wconf 90' lang='lat' dir='ltr'>Valeriano</span> <span class='ocrx_word' id='word_1_261' title='bbox 1472 2195 1544 2237; x_wconf 62' lang='lat' dir='ltr'>vit.</span> <span class='ocrx_word' id='word_1_262' title='bbox 1560 2194 1792 2237; x_wconf 60' lang='lat' dir='ltr'>Aureliani</span> <span class='ocrx_word' id='word_1_263' title='bbox 1811 2199 1874 2245; x_wconf 85' lang='lat'>13,</span> <span class='ocrx_word' id='word_1_264' title='bbox 1903 2200 1928 2237; x_wconf 96' lang='lat'><strong><em>1</em></strong></span> 
     </span>
     <span class='ocr_line' id='line_1_31' title="bbox 201 2262 374 2317; baseline 0.012 -13"><span class='ocrx_word' id='word_1_265' title='bbox 201 2262 374 2317; x_wconf 70' lang='lat' dir='ltr'>(fictio).</span> 
     </span>
    </p>

    <p class='ocr_par' dir='ltr' id='par_1_12' title="bbox 115 2330 1927 2648">
     <span class='ocr_line' id='line_1_32' title="bbox 115 2330 1926 2386; baseline 0.001 -13"><span class='ocrx_word' id='word_1_266' title='bbox 115 2332 197 2374; x_wconf 87' lang='lat'>397</span> <span class='ocrx_word' id='word_1_267' title='bbox 230 2330 367 2373; x_wconf 90' lang='lat' dir='ltr'>Iulius</span> <span class='ocrx_word' id='word_1_268' title='bbox 398 2331 536 2373; x_wconf 90' lang='lat' dir='ltr'>Tutor</span> <span class='ocrx_word' id='word_1_269' title='bbox 566 2331 840 2386; x_wconf 61' lang='lat' dir='ltr'>(gentilicium</span> <span class='ocrx_word' id='word_1_270' title='bbox 862 2332 989 2385; x_wconf 72' lang='lat' dir='ltr'>ponit</span> <span class='ocrx_word' id='word_1_271' title='bbox 1024 2331 1121 2375; x_wconf 80' lang='lat' dir='ltr'>Tac.</span> <span class='ocrx_word' id='word_1_272' title='bbox 1152 2331 1193 2375; x_wconf 80' lang='lat' dir='ltr'>h.</span> <span class='ocrx_word' id='word_1_273' title='bbox 1222 2335 1262 2381; x_wconf 86' lang='grc'>4,</span> <span class='ocrx_word' id='word_1_274' title='bbox 1295 2331 1378 2381; x_wconf 89' lang='grc'><em>55),</em></span> <span class='ocrx_word' id='word_1_275' title='bbox 1409 2331 1566 2372; x_wconf 89' lang='lat' dir='ltr'>Trevir</span> <span class='ocrx_word' id='word_1_276' title='bbox 1596 2331 1692 2372; x_wconf 80' lang='lat' dir='ltr'>Tae.</span> <span class='ocrx_word' id='word_1_277' title='bbox 1724 2330 1763 2373; x_wconf 77' lang='lat' dir='ltr'>h.</span> <span class='ocrx_word' id='word_1_278' title='bbox 1794 2335 1833 2381; x_wconf 88' lang='grc'>4,</span> <span class='ocrx_word' id='word_1_279' title='bbox 1860 2335 1926 2375; x_wconf 90' lang='grc'>55.</span> 
     </span>
     <span class='ocr_line' id='line_1_33' title="bbox 200 2399 1927 2456; baseline -0.001 -14"><span class='ocrx_word' id='word_1_280' title='bbox 200 2402 270 2442; x_wconf 85' lang='grc'>58.</span> <span class='ocrx_word' id='word_1_281' title='bbox 294 2402 362 2449; x_wconf 89' lang='grc'>72,</span> <span class='ocrx_word' id='word_1_282' title='bbox 396 2401 515 2456; x_wconf 84' lang='lat' dir='ltr'>ripae</span> <span class='ocrx_word' id='word_1_283' title='bbox 537 2399 677 2441; x_wconf 88' lang='lat' dir='ltr'>Rheni</span> <span class='ocrx_word' id='word_1_284' title='bbox 698 2415 724 2441; x_wconf 89' lang='lat' dir='ltr'>a</span> <span class='ocrx_word' id='word_1_285' title='bbox 744 2399 920 2442; x_wconf 90' lang='lat' dir='ltr'>Vitellio</span> <span class='ocrx_word' id='word_1_286' title='bbox 940 2399 1187 2455; x_wconf 84' lang='lat' dir='ltr'>praefectus</span> <span class='ocrx_word' id='word_1_287' title='bbox 1212 2400 1267 2442; x_wconf 66' lang='lat' dir='ltr'>ib.</span> <span class='ocrx_word' id='word_1_288' title='bbox 1289 2403 1327 2450; x_wconf 88' lang='grc'>4,</span> <span class='ocrx_word' id='word_1_289' title='bbox 1349 2403 1414 2442; x_wconf 89' lang='grc'>55.</span> <span class='ocrx_word' id='word_1_290' title='bbox 1460 2399 1656 2442; x_wconf 87' lang='lat' dir='ltr'>Descivit</span> <span class='ocrx_word' id='word_1_291' title='bbox 1675 2415 1702 2441; x_wconf 89' lang='lat' dir='ltr'>a</span> <span class='ocrx_word' id='word_1_292' title='bbox 1722 2399 1927 2442; x_wconf 88' lang='lat' dir='ltr'>Romanis</span> 
     </span>
     <span class='ocr_line' id='line_1_34' title="bbox 202 2467 1925 2522; baseline 0.001 -13"><span class='ocrx_word' id='word_1_293' title='bbox 202 2468 258 2511; x_wconf 71' lang='lat' dir='ltr'>ib.</span> <span class='ocrx_word' id='word_1_294' title='bbox 278 2471 317 2518; x_wconf 89' lang='grc'>4,</span> <span class='ocrx_word' id='word_1_295' title='bbox 339 2471 405 2510; x_wconf 90' lang='grc'><em>57.</em></span> <span class='ocrx_word' id='word_1_296' title='bbox 451 2469 537 2510; x_wconf 88' lang='lat' dir='ltr'>Res</span> <span class='ocrx_word' id='word_1_297' title='bbox 566 2467 622 2510; x_wconf 88' lang='lat' dir='ltr'>ab</span> <span class='ocrx_word' id='word_1_298' title='bbox 654 2483 704 2510; x_wconf 93' lang='lat' dir='ltr'>eo</span> <span class='ocrx_word' id='word_1_299' title='bbox 737 2469 780 2509; x_wconf 91' lang='lat' dir='ltr'>in</span> <span class='ocrx_word' id='word_1_300' title='bbox 811 2467 923 2510; x_wconf 93' lang='lat' dir='ltr'>bello</span> <span class='ocrx_word' id='word_1_301' title='bbox 953 2474 1103 2510; x_wconf 88' lang='lat' dir='ltr'>contra</span> <span class='ocrx_word' id='word_1_302' title='bbox 1132 2468 1348 2510; x_wconf 87' lang='lat' dir='ltr'>Romanos</span> <span class='ocrx_word' id='word_1_303' title='bbox 1378 2474 1525 2522; x_wconf 84' lang='lat' dir='ltr'>gestae</span> <span class='ocrx_word' id='word_1_304' title='bbox 1546 2469 1601 2511; x_wconf 72' lang='lat' dir='ltr'>ib.</span> <span class='ocrx_word' id='word_1_305' title='bbox 1621 2471 1660 2517; x_wconf 81' lang='lat'>4,</span> <span class='ocrx_word' id='word_1_306' title='bbox 1681 2471 1748 2510; x_wconf 88' lang='grc'>59.</span> <span class='ocrx_word' id='word_1_307' title='bbox 1771 2471 1836 2510; x_wconf 88' lang='grc'>70.</span> <span class='ocrx_word' id='word_1_308' title='bbox 1860 2472 1925 2511; x_wconf 88' lang='grc'>71.</span> 
     </span>
     <span class='ocr_line' id='line_1_35' title="bbox 200 2535 1927 2587; baseline -0.001 -8"><span class='ocrx_word' id='word_1_309' title='bbox 200 2540 264 2579; x_wconf 88' lang='grc'>74.</span> <span class='ocrx_word' id='word_1_310' title='bbox 296 2540 360 2579; x_wconf 88' lang='grc'><em>76.</em></span> <span class='ocrx_word' id='word_1_311' title='bbox 394 2539 462 2581; x_wconf 89' lang='grc'><em>78.</em></span> <span class='ocrx_word' id='word_1_312' title='bbox 505 2539 545 2587; x_wconf 85' lang='grc'>5,</span> <span class='ocrx_word' id='word_1_313' title='bbox 585 2539 652 2580; x_wconf 91' lang='grc'><em>19.</em></span> <span class='ocrx_word' id='word_1_314' title='bbox 682 2538 753 2580; x_wconf 92' lang='grc'>20.</span> <span class='ocrx_word' id='word_1_315' title='bbox 789 2539 860 2578; x_wconf 86' lang='grc'>21.</span> <span class='ocrx_word' id='word_1_316' title='bbox 900 2561 956 2566; x_wconf 88' lang='grc'>-</span> <span class='ocrx_word' id='word_1_317' title='bbox 995 2535 1141 2578; x_wconf 78' lang='lat' dir='ltr'>Potest</span> <span class='ocrx_word' id='word_1_318' title='bbox 1179 2549 1265 2578; x_wconf 79' lang='lat' dir='ltr'>esse</span> <span class='ocrx_word' id='word_1_319' title='bbox 1303 2536 1429 2578; x_wconf 73' lang='lat' dir='ltr'>huius</span> <span class='ocrx_word' id='word_1_320' title='bbox 1467 2536 1642 2578; x_wconf 73' lang='lat' dir='ltr'>libertus</span> <span class='ocrx_word' id='word_1_321' title='bbox 1681 2536 1747 2580; x_wconf 88' lang='lat' dir='ltr'>Ti.</span> <span class='ocrx_word' id='word_1_322' title='bbox 1790 2536 1927 2579; x_wconf 86' lang='lat' dir='ltr'>Iulius</span> 
     </span>
     <span class='ocr_line' id='line_1_36' title="bbox 200 2604 1288 2648; baseline -0.001 0"><span class='ocrx_word' id='word_1_323' title='bbox 200 2605 376 2648; x_wconf 88' lang='lat' dir='ltr'>Tutoris</span> <span class='ocrx_word' id='word_1_324' title='bbox 406 2604 432 2646; x_wconf 92' lang='lat' dir='ltr'>l.</span> <span class='ocrx_word' id='word_1_325' title='bbox 464 2604 718 2647; x_wconf 82' lang='lat' dir='ltr'>Calventius</span> <span class='ocrx_word' id='word_1_326' title='bbox 750 2605 814 2647; x_wconf 68' lang='lat' dir='ltr'>tit.</span> <span class='ocrx_word' id='word_1_327' title='bbox 847 2604 1033 2646; x_wconf 78' lang='lat' dir='ltr'>Noricus</span> <span class='ocrx_word' id='word_1_328' title='bbox 1058 2605 1148 2647; x_wconf 90' lang='lat' dir='ltr'>III</span> <span class='ocrx_word' id='word_1_329' title='bbox 1168 2607 1288 2647; x_wconf 88' lang='grc'><em>4845.</em></span> 
     </span>
    </p>

    <p class='ocr_par' dir='ltr' id='par_1_13' title="bbox 116 2665 1924 2795">
     <span class='ocr_line' id='line_1_37' title="bbox 116 2665 1924 2728; baseline 0 -12"><span class='ocrx_word' id='word_1_330' title='bbox 116 2673 199 2716; x_wconf 87' lang='grc'><em>398</em></span> <span class='ocrx_word' id='word_1_331' title='bbox 230 2673 365 2716; x_wconf 83' lang='lat' dir='ltr'>Iulius</span> <span class='ocrx_word' id='word_1_332' title='bbox 404 2672 567 2717; x_wconf 86' lang='lat' dir='ltr'>Valens</span> <span class='ocrx_word' id='word_1_333' title='bbox 606 2672 789 2727; x_wconf 85' lang='lat' dir='ltr'>(Silvius</span> <span class='ocrx_word' id='word_1_334' title='bbox 818 2687 904 2728; x_wconf 76' lang='lat' dir='ltr'>pro</span> <span class='ocrx_word' id='word_1_335' title='bbox 946 2672 1082 2715; x_wconf 91' lang='lat' dir='ltr'>Iulius</span> <span class='ocrx_word' id='word_1_336' title='bbox 1123 2673 1211 2716; x_wconf 79' lang='lat' dir='ltr'>eod.</span> <span class='ocrx_word' id='word_1_337' title='bbox 1240 2673 1390 2728; x_wconf 62' lang='lat' dir='ltr'><strong><em>Meet),</em></strong></span> <span class='ocrx_word' id='word_1_338' title='bbox 1432 2665 1594 2715; x_wconf 87' lang='lat' dir='ltr'>amicus</span> <span class='ocrx_word' id='word_1_339' title='bbox 1636 2672 1765 2715; x_wconf 88' lang='lat' dir='ltr'>Plinii</span> <span class='ocrx_word' id='word_1_340' title='bbox 1801 2676 1924 2728; x_wconf 86' lang='lat' dir='ltr'>gravi</span> 
     </span>
     <span class='ocr_line' id='line_1_38' title="bbox 199 2741 1021 2795; baseline 0 -11"><span class='ocrx_word' id='word_1_341' title='bbox 199 2742 347 2784; x_wconf 90' lang='lat' dir='ltr'>morbo</span> <span class='ocrx_word' id='word_1_342' title='bbox 378 2741 571 2784; x_wconf 88' lang='lat' dir='ltr'>adfectus</span> <span class='ocrx_word' id='word_1_343' title='bbox 603 2741 718 2783; x_wconf 68' lang='lat' dir='ltr'>Ptin.</span> <span class='ocrx_word' id='word_1_344' title='bbox 741 2755 804 2795; x_wconf 74' lang='lat' dir='ltr'>ep.</span> <span class='ocrx_word' id='word_1_345' title='bbox 824 2744 862 2791; x_wconf 90' lang='lat'><strong><em>5,</em></strong></span> <span class='ocrx_word' id='word_1_346' title='bbox 885 2744 956 2791; x_wconf 84' lang='lat'>21,</span> <span class='ocrx_word' id='word_1_347' title='bbox 977 2744 1021 2784; x_wconf 91' lang='grc'>2.</span> 
     </span>
    </p>

    <p class='ocr_par' dir='ltr' id='par_1_14' title="bbox 114 2809 1927 3212">
     <span class='ocr_line' id='line_1_39' title="bbox 114 2809 1924 2864; baseline 0 -11"><span class='ocrx_word' id='word_1_348' title='bbox 114 2810 197 2853; x_wconf 85' lang='grc'>399</span> <span class='ocrx_word' id='word_1_349' title='bbox 227 2817 394 2852; x_wconf 87' lang='lat' dir='ltr'><strong>IVLIVS</strong></span> <span class='ocrx_word' id='word_1_350' title='bbox 416 2816 613 2851; x_wconf 85' lang='lat' dir='ltr'><strong>VALENS</strong></span> <span class='ocrx_word' id='word_1_351' title='bbox 635 2810 714 2864; x_wconf 68' lang='lat' dir='ltr'>(sie</span> <span class='ocrx_word' id='word_1_352' title='bbox 745 2809 888 2852; x_wconf 73' lang='lat' dir='ltr'>Victor</span> <span class='ocrx_word' id='word_1_353' title='bbox 903 2809 1033 2860; x_wconf 68' lang='lat' dir='ltr'>Caes.</span> <span class='ocrx_word' id='word_1_354' title='bbox 1053 2813 1124 2860; x_wconf 88' lang='grc'>29,</span> <span class='ocrx_word' id='word_1_355' title='bbox 1145 2813 1185 2859; x_wconf 83' lang='grc'>3,</span> <span class='ocrx_word' id='word_1_356' title='bbox 1217 2809 1378 2852; x_wconf 87' lang='lat' dir='ltr'>Valens</span> <span class='ocrx_word' id='word_1_357' title='bbox 1398 2810 1665 2852; x_wconf 88' lang='lat' dir='ltr'>Lucinianus</span> <span class='ocrx_word' id='word_1_358' title='bbox 1697 2809 1838 2852; x_wconf 74' lang='lat' dir='ltr'>Victor</span> <span class='ocrx_word' id='word_1_359' title='bbox 1863 2826 1924 2864; x_wconf 77' lang='lat' dir='ltr'>ep.</span> 
     </span>
     <span class='ocr_line' id='line_1_40' title="bbox 199 2877 1925 2934; baseline -0.001 -13"><span class='ocrx_word' id='word_1_360' title='bbox 199 2881 271 2929; x_wconf 89' lang='grc'>29,</span> <span class='ocrx_word' id='word_1_361' title='bbox 295 2881 335 2928; x_wconf 90' lang='grc'>5,</span> <span class='ocrx_word' id='word_1_362' title='bbox 361 2882 590 2933; x_wconf 75' lang='lat' dir='ltr'>praeterea</span> <span class='ocrx_word' id='word_1_363' title='bbox 620 2877 800 2933; x_wconf 89' lang='lat' dir='ltr'>Valens)</span> <span class='ocrx_word' id='word_1_364' title='bbox 834 2878 972 2920; x_wconf 88' lang='lat' dir='ltr'>Decio</span> <span class='ocrx_word' id='word_1_365' title='bbox 1002 2879 1185 2921; x_wconf 84' lang='lat' dir='ltr'>Romam</span> <span class='ocrx_word' id='word_1_366' title='bbox 1215 2877 1409 2933; x_wconf 87' lang='lat' dir='ltr'>digresso</span> <span class='ocrx_word' id='word_1_367' title='bbox 1441 2879 1765 2934; x_wconf 88' lang='lat' dir='ltr'>cupientissimo</span> <span class='ocrx_word' id='word_1_368' title='bbox 1795 2879 1925 2933; x_wconf 84' lang='lat' dir='ltr'>vulgo</span> 
     </span>
     <span class='ocr_line' id='line_1_41' title="bbox 201 2946 1927 3003; baseline 0 -15"><span class='ocrx_word' id='word_1_369' title='bbox 201 2948 427 3003; x_wconf 88' lang='lat' dir='ltr'>imperium</span> <span class='ocrx_word' id='word_1_370' title='bbox 447 2948 563 3003; x_wconf 87' lang='lat' dir='ltr'>cepit</span> <span class='ocrx_word' id='word_1_371' title='bbox 591 2947 733 2990; x_wconf 75' lang='lat' dir='ltr'>Victor</span> <span class='ocrx_word' id='word_1_372' title='bbox 759 2946 879 2991; x_wconf 76' lang='lat' dir='ltr'>Caes.</span> <span class='ocrx_word' id='word_1_373' title='bbox 902 2947 928 2990; x_wconf 85' lang='lat' dir='ltr'>l.</span> <span class='ocrx_word' id='word_1_374' title='bbox 951 2960 1010 2998; x_wconf 79' lang='lat' dir='ltr'><strong><em>e.,·</em></strong></span> <span class='ocrx_word' id='word_1_375' title='bbox 1034 2947 1117 2989; x_wconf 88' lang='lat' dir='ltr'>sub</span> <span class='ocrx_word' id='word_1_376' title='bbox 1138 2947 1276 2988; x_wconf 87' lang='lat' dir='ltr'>Decio</span> <span class='ocrx_word' id='word_1_377' title='bbox 1298 2947 1460 2989; x_wconf 90' lang='lat' dir='ltr'>Romae</span> <span class='ocrx_word' id='word_1_378' title='bbox 1480 2954 1692 3002; x_wconf 87' lang='lat' dir='ltr'>tyrannus</span> <span class='ocrx_word' id='word_1_379' title='bbox 1714 2947 1927 2996; x_wconf 65' lang='lat' dir='ltr'>Poleoiev‘ec.s</span> 
     </span>
     <span class='ocr_line' id='line_1_42' title="bbox 201 3014 1924 3072; baseline -0.001 -14"><span class='ocrx_word' id='word_1_380' title='bbox 201 3014 361 3058; x_wconf 76' lang='lat' dir='ltr'>Silvius</span> <span class='ocrx_word' id='word_1_381' title='bbox 380 3016 466 3071; x_wconf 79' lang='lat' dir='ltr'>(ap.</span> <span class='ocrx_word' id='word_1_382' title='bbox 487 3015 684 3058; x_wconf 79' lang='lat' dir='ltr'>Momms.</span> <span class='ocrx_word' id='word_1_383' title='bbox 706 3015 846 3057; x_wconf 73' lang='lat' dir='ltr'>chron.</span> <span class='ocrx_word' id='word_1_384' title='bbox 867 3016 968 3058; x_wconf 68' lang='lat' dir='ltr'>min.</span> <span class='ocrx_word' id='word_1_385' title='bbox 990 3016 1025 3058; x_wconf 92' lang='lat' dir='ltr'><strong><em>I</em></strong></span> <span class='ocrx_word' id='word_1_386' title='bbox 1038 3030 1085 3070; x_wconf 76' lang='lat' dir='ltr'>p.</span> <span class='ocrx_word' id='word_1_387' title='bbox 1106 3018 1233 3072; x_wconf 88' lang='lat'><strong><em>521);</em></strong></span> <span class='ocrx_word' id='word_1_388' title='bbox 1262 3015 1344 3058; x_wconf 89' lang='lat' dir='ltr'>sub</span> <span class='ocrx_word' id='word_1_389' title='bbox 1365 3016 1502 3058; x_wconf 85' lang='lat' dir='ltr'>Decio</span> <span class='ocrx_word' id='word_1_390' title='bbox 1525 3016 1762 3071; x_wconf 84' lang='lat' dir='ltr'>imperator</span> <span class='ocrx_word' id='word_1_391' title='bbox 1786 3015 1924 3058; x_wconf 86' lang='lat' dir='ltr'>factus</span> 
     </span>
     <span class='ocr_line' id='line_1_43' title="bbox 201 3083 1922 3141; baseline -0.001 -16"><span class='ocrx_word' id='word_1_392' title='bbox 201 3083 342 3126; x_wconf 74' lang='lat' dir='ltr'>Victor</span> <span class='ocrx_word' id='word_1_393' title='bbox 362 3099 424 3138; x_wconf 79' lang='lat' dir='ltr'>ep.</span> <span class='ocrx_word' id='word_1_394' title='bbox 444 3084 471 3127; x_wconf 84' lang='lat' dir='ltr'>l.</span> <span class='ocrx_word' id='word_1_395' title='bbox 493 3099 527 3128; x_wconf 84' lang='lat' dir='ltr'>c.</span> <span class='ocrx_word' id='word_1_396' title='bbox 548 3109 606 3114; x_wconf 87' lang='lat'>-—</span> <span class='ocrx_word' id='word_1_397' title='bbox 626 3084 718 3128; x_wconf 84' lang='lat' dir='ltr'>Sub</span> <span class='ocrx_word' id='word_1_398' title='bbox 748 3084 947 3127; x_wconf 84' lang='lat' dir='ltr'>Gallieno</span> <span class='ocrx_word' id='word_1_399' title='bbox 978 3084 1189 3127; x_wconf 87' lang='lat' dir='ltr'>Achaiam</span> <span class='ocrx_word' id='word_1_400' title='bbox 1219 3083 1514 3141; x_wconf 83' lang='lat' dir='ltr'>proconsulari</span> <span class='ocrx_word' id='word_1_401' title='bbox 1547 3085 1725 3140; x_wconf 85' lang='lat' dir='ltr'>imperio</span> <span class='ocrx_word' id='word_1_402' title='bbox 1758 3098 1922 3137; x_wconf 86' lang='lat' dir='ltr'>regens,</span> 
     </span>
     <span class='ocr_line' id='line_1_44' title="bbox 199 3151 1921 3212; baseline 0.001 -19"><span class='ocrx_word' id='word_1_403' title='bbox 199 3159 418 3208; x_wconf 88' lang='lat' dir='ltr'>comperto</span> <span class='ocrx_word' id='word_1_404' title='bbox 445 3154 624 3195; x_wconf 87' lang='lat' dir='ltr'>missum</span> <span class='ocrx_word' id='word_1_405' title='bbox 644 3153 854 3212; x_wconf 81' lang='lat' dir='ltr'>adversus</span> <span class='ocrx_word' id='word_1_406' title='bbox 875 3168 920 3194; x_wconf 87' lang='lat' dir='ltr'>se</span> <span class='ocrx_word' id='word_1_407' title='bbox 940 3154 1151 3207; x_wconf 86' lang='lat' dir='ltr'>Pisonem,</span> <span class='ocrx_word' id='word_1_408' title='bbox 1179 3154 1363 3209; x_wconf 85' lang='lat' dir='ltr'>sumpsit</span> <span class='ocrx_word' id='word_1_409' title='bbox 1382 3154 1609 3209; x_wconf 72' lang='lat' dir='ltr'>imperium</span> <span class='ocrx_word' id='word_1_410' title='bbox 1636 3153 1707 3193; x_wconf 47' lang='lat' dir='ltr'>frit.</span> <span class='ocrx_word' id='word_1_411' title='bbox 1738 3151 1921 3194; x_wconf 69' lang='lat' dir='ltr'>Gallim.</span> 
     </span>
    </p>

    <p class='ocr_par' dir='ltr' id='par_1_15' title="bbox 146 3220 1924 3414">
     <span class='ocr_line' id='line_1_45' title="bbox 146 3220 1924 3278; baseline -0.002 -14"><span class='ocrx_word' id='word_1_412' title='bbox 146 3220 149 3222; x_wconf 62' lang='grc'><strong>’</strong></span> <span class='ocrx_word' id='word_1_413' title='bbox 198 3225 240 3269; x_wconf 91' lang='grc'>2,</span> <span class='ocrx_word' id='word_1_414' title='bbox 263 3225 318 3271; x_wconf 86' lang='grc'>2;</span> <span class='ocrx_word' id='word_1_415' title='bbox 347 3222 448 3275; x_wconf 43' lang='lat' dir='ltr'>‘rigis</span> <span class='ocrx_word' id='word_1_416' title='bbox 465 3225 632 3276; x_wconf 65' lang='lat' dir='ltr'>tyr-arm.</span> <span class='ocrx_word' id='word_1_417' title='bbox 655 3226 733 3273; x_wconf 86' lang='lat'><strong><em>19,·</em></strong></span> <span class='ocrx_word' id='word_1_418' title='bbox 763 3222 951 3266; x_wconf 85' lang='lat' dir='ltr'>Gallieni</span> <span class='ocrx_word' id='word_1_419' title='bbox 974 3222 1241 3278; x_wconf 87' lang='lat' dir='ltr'>temporibus</span> <span class='ocrx_word' id='word_1_420' title='bbox 1262 3222 1378 3278; x_wconf 86' lang='lat' dir='ltr'>apud</span> <span class='ocrx_word' id='word_1_421' title='bbox 1401 3221 1662 3263; x_wconf 68' lang='lat' dir='ltr'>Macedonas</span> <span class='ocrx_word' id='word_1_422' title='bbox 1690 3221 1924 3275; x_wconf 88' lang='lat' dir='ltr'>imperator</span> 
     </span>
     <span class='ocr_line' id='line_1_46' title="bbox 201 3288 1922 3343; baseline -0.001 -12"><span class='ocrx_word' id='word_1_423' title='bbox 201 3288 340 3331; x_wconf 88' lang='lat' dir='ltr'>factus</span> <span class='ocrx_word' id='word_1_424' title='bbox 361 3289 503 3331; x_wconf 64' lang='lat' dir='ltr'>Victor</span> <span class='ocrx_word' id='word_1_425' title='bbox 519 3290 616 3343; x_wconf 76' lang='lat' dir='ltr'>epit.</span> <span class='ocrx_word' id='word_1_426' title='bbox 638 3293 709 3332; x_wconf 81' lang='lat'>32.</span> <span class='ocrx_word' id='word_1_427' title='bbox 737 3290 843 3332; x_wconf 87' lang='lat' dir='ltr'>Mox</span> <span class='ocrx_word' id='word_1_428' title='bbox 865 3291 1032 3332; x_wconf 81' lang='lat' dir='ltr'>occisus</span> <span class='ocrx_word' id='word_1_429' title='bbox 1064 3291 1206 3333; x_wconf 68' lang='lat' dir='ltr'>Victor</span> <span class='ocrx_word' id='word_1_430' title='bbox 1231 3289 1351 3332; x_wconf 69' lang='lat' dir='ltr'>Caes.</span> <span class='ocrx_word' id='word_1_431' title='bbox 1386 3289 1411 3331; x_wconf 73' lang='lat' dir='ltr'>l.</span> <span class='ocrx_word' id='word_1_432' title='bbox 1435 3303 1495 3340; x_wconf 69' lang='lat' dir='ltr'><strong><em>e.,·</em></strong></span> <span class='ocrx_word' id='word_1_433' title='bbox 1526 3288 1645 3329; x_wconf 81' lang='lat' dir='ltr'>brevi</span> <span class='ocrx_word' id='word_1_434' title='bbox 1668 3304 1693 3329; x_wconf 87' lang='lat' dir='ltr'>a</span> <span class='ocrx_word' id='word_1_435' title='bbox 1715 3288 1922 3330; x_wconf 86' lang='lat' dir='ltr'>militibus</span> 
     </span>
     <span class='ocr_line' id='line_1_47' title="bbox 198 3357 843 3414; baseline 0.002 -15"><span class='ocrx_word' id='word_1_436' title='bbox 198 3359 481 3414; x_wconf 86' lang='lat' dir='ltr'>interemptus</span> <span class='ocrx_word' id='word_1_437' title='bbox 512 3359 607 3412; x_wconf 68' lang='lat' dir='ltr'>triy.</span> <span class='ocrx_word' id='word_1_438' title='bbox 641 3361 719 3412; x_wconf 76' lang='lat' dir='ltr'>tyr.</span> <span class='ocrx_word' id='word_1_439' title='bbox 750 3357 777 3401; x_wconf 85' lang='lat' dir='ltr'>l.</span> <span class='ocrx_word' id='word_1_440' title='bbox 809 3372 843 3400; x_wconf 79' lang='lat' dir='ltr'>c,</span> 
     </span>
    </p>
   </div>
  </div>
 </body>
</html>
