2190 3724
294 273 471 308 FABIVS
1173 265 1227 306 50
1922 271 2101 307 FABIVS
2129 270 2134 273 ’

381 404 424 445 iu
451 402 670 444 consulatu
691 400 867 442 Paullus
899 400 1060 442 Fabius
1081 398 1315 455 Pers[icus]
1336 400 1416 442 XI
1422 402 1544 450 3781,
1567 399 1746 442 Paullus
1766 400 1927 443 Fabius
1947 401 1996 443 X
2007 405 2102 447 901.

378 475 476 520 902,
519 470 615 513 Tac.
653 484 691 512 a.
728 472 765 518 0,
801 471 872 518 28,
908 468 1068 510 Fabius
1103 468 1301 509 Persicus
1338 468 1536 512 Frontin.
1579 482 1644 522 aq.
1680 471 1787 518 102,
1839 470 1929 511 vita
1963 469 2106 512 Persii

379 540 442 593 (p.
463 542 518 581 72
547 536 695 590 Reiff.)
725 536 813 578 Dio
833 539 898 586 58,
921 540 990 586 24,
1025 536 1132 577 alibi
1159 536 1358 578 Persicus
1389 537 1582 590 (Priscus
1603 536 1820 590 Prosper).
1861 537 1901 579 Ε
1920 539 2103 593 posteris

378 606 643 659 Allobrogici
665 603 850 646 consulis
872 619 909 647 a.
922 605 1005 646 633
1025 603 1203 646 Claudii
1221 618 1279 648 or.
1298 604 1433 658 Lucstl.
1456 605 1510 658 cf.
1529 605 1691 647 Seneca
1707 602 1756 647 (le
1772 605 1905 659 benef.
1920 609 1960 656 4,
1975 610 2042 657 30,
2059 612 2103 658 2,

380 674 492 716 filius
534 680 581 715 ut
619 673 793 715 videtur
823 671 964 715 Paulli
995 671 1120 714 Fabii
1151 672 1333 714 Maximi
1364 672 1551 715 consulis
1581 688 1619 715 a.
1650 689 1691 715 u.
1724 688 1759 717 e.
1788 673 1884 717 743.
1942 673 2103 718 Consul

376 743 467 786 ord.
491 759 527 785 a.
549 758 588 799 p.
613 742 714 785 Chr.
736 743 791 784 34
819 757 905 784 una
934 756 1031 783 cum
1054 742 1105 783 L.
1127 741 1302 784 Vitellio
1324 743 1442 795 fasti.
1485 743 1667 785 Punitus
1695 757 1782 784 una
1812 758 1910 785 cum
1939 742 2104 799 collega

376 811 463 853 Dio
477 814 544 861 58,
567 815 624 854 24
643 811 794 866 (nescio
817 824 873 852 an
894 809 1066 863 errore).
1089 835 1143 840 —
1166 809 1466 852 Proconsuleni
1486 810 1620 852 Asiae
1641 825 1732 853 eum
1762 811 1893 864 fuisse
1921 812 2104 865 fortasse

378 879 520 933 colliyi
539 882 680 933 potest
709 893 759 920 ex
790 882 816 922 t.
844 882 887 928 2,
911 879 964 932 ef.
988 878 1273 932 Waddiuytmi
1301 879 1432 932 s'astes
1455 893 1497 923 n.
1519 882 1586 923 81.
1611 903 1670 909 -
1698 878 1883 921 Curator
1912 880 2105 936 riparum

378 954 419 989 et
442 946 553 989 alvei
579 946 750 989 Tiberis
777 946 856 988 sub
879 946 1060 989 Claudio
1088 950 1115 990 t.
1137 950 1176 997 1,
1208 962 1294 988 non
1325 954 1425 989 ante
1455 962 1493 990 a.
1514 947 1568 990 47
1600 953 1649 989 ut
1678 947 1852 990 videtur
1881 948 1952 1003 (ef.
1981 947 2107 991 Gaui·

378 1015 476 1059 bull.
510 1030 609 1059 com.
642 1015 668 1059 l.
701 1030 732 1059 c,
758 1030 804 1068 p,
832 1014 942 1069 313).
1004 1014 1228 1070 Pontifex,
1270 1015 1428 1057 sodalis
1457 1015 1727 1070 Augustalis,
1770 1015 1905 1059 frater
1930 1015 2104 1060 Arvalis

378 1087 405 1128 t.
427 1088 459 1126 2
479 1083 716 1137 (sacerdos
737 1098 824 1125 non
846 1084 889 1124 in
911 1098 994 1125 uno
1017 1083 1211 1138 collegi0²
1238 1084 1338 1127 Sen.
1360 1084 1409 1126 (le
1431 1085 1563 1138 benef.
1583 1088 1622 1134 4,
1643 1088 1710 1134 30,
1733 1084 1794 1138 2).
1838 1084 2104 1127 Memoratur

377 1154 490 1195 inter
509 1151 663 1194 fratres
684 1151 866 1193 Arvales
888 1153 973 1193 iam
994 1167 1032 1196 a.
1055 1154 1109 1195 20
1132 1152 1259 1207 (Eph.
1282 1167 1344 1206 ep.
1364 1155 1393 1194 8
1411 1167 1459 1207 p.
1482 1152 1594 1206 318),
1625 1152 1807 1194 fortasse
1833 1168 1870 1195 a.
1893 1154 1960 1207 21,
1985 1160 2102 1196 certo

377 1236 413 1262 a.
431 1221 498 1263 35.
525 1221 591 1275 36,
624 1221 786 1262 incerto
819 1235 932 1262 anno
962 1220 1138 1274 Tiberii,
1171 1235 1208 1263 a.
1235 1221 1303 1264 38.
1335 1221 1389 1263 39
1424 1220 1497 1274 (cf.
1518 1220 1631 1275 Eph.
1652 1223 1680 1262 8
1703 1236 1749 1275 p.
1771 1220 1889 1275 322),
1917 1220 2103 1278 denique

377 1288 544 1331 duobus
575 1289 699 1330 annis
739 1289 819 1331 sub
850 1288 1031 1332 Claudio
1064 1288 1242 1344 (Claud.
1265 1289 1320 1333 A.
1344 1288 1389 1331 D
1419 1290 1471 1340 cf.
1498 1289 1613 1344 Eph.
1633 1292 1661 1330 8
1682 1304 1730 1343 p.
1752 1288 1853 1343 326)
1885 1292 1965 1334 act.
1997 1289 2102 1334 Arv.

376 1356 624 1400 Honorifice
646 1363 908 1399 memoratur
926 1372 951 1398 a
968 1356 1150 1400 Claudio
1172 1372 1208 1399 a.
1227 1358 1281 1399 48
1306 1356 1518 1399 Claudius
1540 1371 1600 1401 or.
1619 1357 1754 1412 Luycl.
1771 1383 1829 1387 -—
1844 1358 2102 1414 Defunctus,

377 1440 474 1468 cum
505 1426 670 1469 Seneca
700 1425 917 1468 scribebat
953 1426 1085 1468 libros
1116 1426 1171 1468 de
1205 1426 1436 1480 beneficiis,
1470 1425 1544 1468 ubi
1574 1441 1715 1468 mores
1746 1428 1837 1470 eius
1867 1433 2105 1482 tanguntur

374 1498 417 1544 2,
439 1497 509 1545 21,
531 1496 580 1545 5,·
608 1497 647 1544 4,
668 1498 735 1545 30,
757 1498 800 1537 2.
826 1519 880 1524 -
914 1494 1014 1536 Non
1043 1495 1122 1537 huc
1150 1496 1331 1549 pertinet
1361 1495 1414 1547 Q.
1441 1488 1604 1537 Fabius
1634 1495 1833 1538 Persicus
1865 1496 1934 1538 VI
1954 1499 2101 1543 17583.

290 1564 346 1606 43
376 1570 420 1607 L.
432 1569 609 1604 FABIVS
626 1569 821 1614 POLLIO,
835 1563 886 1606 L.
899 1563 941 1618 f.‚
960 1564 1075 1606 tribu
1088 1563 1285 1617 Galeria3
1302 1569 1504 1619 quaestor
1522 1564 1804 1619 imperatoris,
1816 1564 2034 1620 leg(atus).
2047 1599 2057 1608 .
2071 1599 2100 1620 .,

376 1631 474 1674 trib.
511 1630 670 1687 plebis,
711 1630 940 1687 [praetor],
984 1631 1188 1688 proc[os.]
1229 1632 1421 1688 provinc.
1450 1665 1459 1674 .
1478 1665 1488 1675 .
1507 1664 1516 1674 .
1535 1666 1544 1676 .
1579 1631 1647 1674 VI
1665 1635 1772 1674 1411
1803 1633 1951 1676 titulus
1979 1634 2104 1677 semel

376 1703 540 1742 tantum
570 1699 812 1753 descriptus,

292 1768 348 1810 44
376 1767 538 1810 Fabius
569 1769 911 1824 Pomponianus,
954 1769 1045 1810 dux
1075 1768 1222 1810 limitis
1252 1768 1410 1824 Libyci
1442 1768 1522 1811 sub
1552 1768 1770 1824 Gallieno,
1803 1776 1954 1812 auctor
1982 1769 2102 1813 Afris

378 1835 551 1880 Celsum
578 1838 880 1892 imperatorem
910 1836 1155 1893 appellandi
1183 1838 1302 1881 Treb.
1325 1836 1465 1879 Pollio
1496 1837 1593 1891 triy.
1617 1840 1695 1892 tyr.
1717 1841 1788 1888 29,
1810 1841 1848 1884 1.

290 1906 343 1947 45
374 1911 551 1946 FABIVS
598 1911 910 1946 POSTVMINVS
948 1905 1272 1958 (Posthuminus
1312 1905 1405 1947 sola
1435 1905 1497 1949 ed.
1528 1905 1653 1955 Ald„
1695 1906 1941 1948 Postumius
1976 1906 2104 1950 codex

375 1973 627 2016 Dresolensis
657 1987 748 2015 cum
778 1973 1032 2015 editionibus
1060 1973 1276 2015 nonnullis
1305 1974 1503 2027 antiquis,
1525 1973 1789 2016 Maximinus
1810 1974 1938 2017 codex
1962 1975 2103 2018 Medi-

375 2041 486 2095 eeus)
518 2057 555 2085 a.
581 2041 635 2084 97
667 2042 779 2083 inter
805 2043 964 2098 primos
996 2042 1112 2098 (post
1142 2041 1422 2096 consularem,
1454 2048 1555 2084 ante
1585 2042 1840 2098 praetorios)
1871 2043 1916 2084 in
1951 2050 2104 2087 senatu

375 2111 629 2152 sententiam
659 2116 836 2164 rogatur
863 2110 980 2154 Plin.
1012 2125 1072 2165 ep.
1104 2114 1142 2160 9,
1170 2114 1235 2160 13,
1258 2113 1323 2154 13.
1362 2134 1413 2140 -
1455 2110 1576 2152 Idem
1616 2110 1798 2153 fortasse
1828 2111 2104 2155 Postuminus

375 2178 604 2235 proconsul
624 2178 755 2221 Asiae
776 2178 855 2221 sub
876 2179 1063 2221 Traiano
1086 2179 1317 2233 Inscriptio
1338 2179 1477 2221 Lebas
1497 2179 1586 2221 III
1607 2182 1688 2221 841
1710 2180 1909 2234 (epistula
1929 2181 2017 2223 eius
2047 2181 2106 2224 acl

376 2248 676 2298 Aeeanitanos,
706 2249 752 2290 in
781 2262 866 2302 qua
897 2263 946 2290 ex
973 2249 1139 2290 nomine
1165 2248 1438 2302 proconsulis
1476 2251 1665 2302 superest
1699 2246 2104 2306 [Π]οστουμεῑ[νος]);

375 2331 567 2359 mutunus
592 2316 946 2371 Thyatirenorum
968 2331 1018 2359 ex
1045 2330 1185 2358 museo
1216 2316 1471 2358 Britannico
1494 2316 1693 2370 prolatus
1720 2331 1748 2358 a
1778 2316 2105 2372 Wadolinytouio

377 2386 507 2439 fustes
536 2399 577 2429 n.
606 2388 685 2427 115
715 2399 808 2427 cuni
837 2385 1182 2439 inscriptionibus
1213 2385 1275 2427 αὐ.
1304 2383 1414 2440 [Kar.
1446 2384 1541 2441 Νερ.
1573 2383 1784 2442 Τραια]νὸν
1815 2386 1906 2442 Γερ.
1937 2386 2104 2429 Δακικὸν

379 2460 420 2495 et
456 2455 566 2498 ἀνῦυ.
599 2452 784 2498 ΠΟΟ’1,ὐ
802 2486 812 2496 .
830 2486 840 2496 .
859 2454 961 2497 ‚Na
993 2454 1289 2510 Θυατειρηνῶν.
1323 2480 1375 2484 -
1415 2453 1619 2495 Eiusdem
1659 2467 1744 2496 esse
1774 2455 1949 2496 coniecit
1977 2455 2105 2498 Wad-

379 2522 551 2576 (linyton
583 2521 631 2573 (l.
654 2522 704 2575 e.)
737 2522 905 2564 titulum
926 2522 1250 2564 Praenestinum
1272 2522 1351 2564 XI
1357 2521 1397 2564 V
1408 2524 1533 2572 2933,
1565 2522 1612 2563 in
1631 2536 1710 2575 quo
1742 2536 1791 2564 ex
1813 2524 1979 2566 nomine
2001 2537 2105 2578 pro-

378 2590 559 2633 consulis
589 2605 673 2633 non
701 2594 833 2633 restat
859 2592 946 2633 nisi
971 2626 980 2635 .
1004 2626 1013 2635 .
1036 2592 1193 2635 Post..
1214 2626 1250 2634 ..

294 2660 349 2701 46
379 2665 556 2699 FABIVS
587 2665 812 2709 PRISCVS,
852 2658 1020 2713 legatus
1050 2659 1231 2713 legionis
1263 2658 1634 2715 quartaedecimae
1664 2658 1893 2713 (Geminae
1922 2659 2106 2702 Martiae

379 2727 599 2781 Victricis)
632 2743 669 2771 a.
693 2728 746 2770 70
776 2728 873 2770 Tac.
895 2727 992 2772 hist.
1013 2732 1052 2778 4,
1076 2730 1142 2772 79.

295 2795 347 2837 47
381 2795 578 2849 (Fabius)
619 2795 913 2848 Quintilianus
958 2803 1080 2852 pater
1134 2797 1224 2838 eius
1266 2796 1339 2852 qui
1380 2796 1575 2851 sequitur
1615 2795 1928 2848 (Quintilianus
1973 2811 2106 2839 senex

382 2862 543 2906 Seneca
572 2867 701 2908 contr.
723 2868 776 2906 10
797 2865 943 2918 praef.
964 2865 1026 2919 2),
1058 2864 1214 2918 rhetor,
1248 2865 1408 2906 Romae
1439 2863 1699 2906 declamavit
1719 2864 1880 2907 Seneca
1901 2867 2031 2910 contr.
2053 2868 2107 2907 10

373 2933 518 2985 praef.
541 2936 584 2982 2,
606 2936 672 2983 10,
695 2937 732 2983 4,
755 2936 809 2975 19
817 2947 830 2984 ,·
857 2933 1031 2986 Quintil.
1053 2934 1151 2977 inst.
1174 2937 1212 2983 9,
1234 2936 1273 2982 3,
1299 2936 1360 2976 73.

297 3000 352 3041 48
383 2999 443 3042 Μ.
474 2999 635 3042 Fabius
667 3000 960 3053 Quintilianus
992 3001 1068 3056 (sic
1098 3001 1374 3043 institutionis
1405 3001 1619 3043 oratoriae
1654 3000 1834 3051 codices,
1876 3002 1973 3043 item
2004 3001 2107 3044 Sue-

384 3069 521 3111 tonius
542 3068 590 3110 cle
607 3083 784 3121 pyrarum.
817 3073 855 3111 et
884 3069 988 3113 rhet.
1019 3069 1119 3119 incl„
1152 3072 1191 3111 et
1211 3069 1494 3123 Hieronymus
1525 3068 1583 3110 acl
1612 3083 1639 3110 a
1658 3068 1766 3112 Abr.
1787 3072 1914 3119 2084,
1945 3068 2108 3111 Fabius
2127 3078 2133 3096 ³

382 3136 598 3178 Ausonius
619 3138 801 3191 profess.
832 3138 1059 3192 Burdiyal.
1093 3141 1129 3188 7,
1154 3140 1382 3192 praeterea
1411 3136 1735 3192 Quintilianus).
1796 3137 1866 3179 Ex
1895 3137 2109 3193 Hispania

385 3203 738 3259 Calagurritanus
769 3206 1051 3260 Hieronymus
1081 3220 1120 3249 a.
1152 3208 1287 3255 2014;
1325 3204 1542 3247 Ausonius
1570 3206 1690 3259 prof.
1730 3205 1866 3249 Βανά.
1900 3208 1938 3250 7.
1994 3204 2109 3248 Colit

385 3271 729 3315 adulescentulus
750 3274 989 3316 Domitium
1014 3273 1171 3315 Afrum
1201 3273 1451 3315 defunctum
1479 3288 1513 3314 a.
1538 3273 1592 3315 59
1622 3273 1711 3326 ipse
1735 3273 1832 3318 inst.
1855 3287 1915 3317 or.
1935 3275 1975 3323 5,
1999 3276 2034 3323 7,
2059 3276 2087 3315 7
2094 3286 2108 3325 ;

383 3343 449 3390 10,
471 3344 509 3390 1,
530 3343 607 3391 86,·
637 3344 706 3390 12,
729 3344 793 3391 11,
815 3345 864 3393 3;
895 3341 1013 3386 Plin.
1046 3356 1106 3396 ep.
1128 3345 1171 3392 2,
1193 3345 1258 3392 14,
1280 3344 1346 3391 10,
1387 3341 1490 3383 item
1531 3341 1771 3383 Remmium
1806 3340 2108 3383 Palaemonem
