2202 3724
276 299 503 334 MAXIMVS
1128 290 1210 332 358
1841 299 2070 336 MAXIMVS

276 428 358 469 304
388 434 614 468 MAXIMVS
646 426 812 480 legatus
844 425 1030 479 Augusti
1061 440 1138 481 pro
1170 441 1233 481 pr.
1267 427 1516 469 Britanniae
1545 443 1582 469 a.
1606 428 1687 470 225
1719 428 1814 471 VII
1836 432 1932 472 732.

276 496 357 536 305
391 495 647 549 [MA]X1MVS
689 493 820 535 salius
862 493 1083 535 Palatinus
1122 500 1346 550 cooptatus
1386 510 1424 539 a.
1460 496 1543 538 226
1585 495 1684 539 bull.
1722 498 1936 540 eomunale
1966 501 2075 540 1881

361 577 408 616 p.
432 566 460 603 7
485 576 525 603 n.
546 564 641 606 440.

276 630 358 671 306
388 636 616 670 MAXIMVS
648 628 797 671 consul
829 628 919 671 ord.
950 644 988 671 a.
1015 630 1098 672 232
1129 645 1227 672 cum
1257 631 1382 687 Lupo
1412 631 1531 685 fasti.

277 698 358 739 307
389 704 615 738 MAXIMVS
655 696 803 739 consul
842 698 998 746 iterum
1029 698 1282 752 (iterationis
1310 702 1413 741 nota
1441 699 1562 742 modo
1584 700 1774 754 ponitur,
1806 700 1927 743 modo
1959 702 2077 744 omit-

363 766 479 814 titur)
510 765 600 806 ord.
634 780 671 809 a.
694 765 776 807 233
809 780 905 807 cum
936 767 1122 807 Paterno
1153 767 1271 820 fasti.

277 833 384 875 307ἓι
405 840 634 875 MAXIMVS
656 832 805 875 consul
826 834 980 875 iterum
1003 834 1245 876 ordinarius
1267 850 1304 877 a.
1321 836 1405 878 254
1426 850 1524 878 cum
1546 836 1723 879 Urbano
1744 837 1861 890 fasti.
1904 837 2078 880 Videtur

363 914 447 942 esse
477 902 535 943 M.
570 901 747 944 Clodius
777 902 999 958 Pupienus
1030 903 1260 958 Maximus,
1293 905 1348 957 ef.
1378 905 1454 946 sub
1485 904 1574 946 hoe.

278 970 360 1011 308
391 976 618 1011 MAXIMVS
651 969 799 1012 consul
831 970 921 1014 ord.
953 986 990 1012 a.
1014 972 1095 1013 253
1128 986 1227 1013 cum
1254 971 1488 1014 Volusiano
1519 972 1633 1027 Aug.
1664 973 1783 1026 fasti.

278 1037 381 1079 308ἃ
409 1044 636 1079 MAXIMVS
669 1037 815 1079 consul
847 1038 937 1080 ord.
956 1054 994 1080 a.
1017 1040 1099 1081 256
1130 1053 1228 1081 cum
1259 1039 1498 1083 Glabrione
1528 1041 1646 1094 fasti.
1695 1040 1779 1083 Est
1804 1040 1855 1083 L.
1878 1039 2081 1083 Valerius

363 1105 582 1147 Maximus
613 1107 667 1159 ef.
698 1107 773 1148 sub
804 1106 891 1148 hoe.

279 1174 361 1215 309
391 1174 631 1228 Maximus,
673 1173 1025 1230 Marcianopolim
1064 1174 1232 1217 fortiter
1263 1182 1412 1218 contra
1443 1176 1606 1220 Gothos
1638 1176 1831 1218 defendit
1858 1176 2081 1231 Dexippus

364 1256 448 1284 eae.
481 1242 528 1284 ele
558 1245 791 1296 strateyem.
843 1242 1019 1297 (Muller
1047 1243 1103 1296 fr.
1135 1243 1228 1285 hist.
1258 1243 1334 1286 Gr.
1357 1245 1445 1286 III
1457 1259 1506 1298 p.
1529 1243 1638 1298 675).

280 1311 363 1352 310
393 1310 632 1364 Maximus,
675 1316 739 1352 ‘ut
778 1310 951 1366 quidam
993 1311 1038 1351 in
1074 1310 1236 1353 litteras
1268 1311 1556 1363 rettulerunt',
1590 1319 1712 1368 pater
1743 1311 1871 1363 Probi
1903 1313 1978 1368 qui
2007 1313 2083 1354 im-

365 1379 557 1434 peravit3
603 1385 716 1420 ‘cum
757 1378 927 1420 ordines
969 1378 1268 1421 honestissime
1310 1380 1527 1434 duxisset,
1579 1379 1845 1422 tribunatum
1889 1379 2082 1435 adeptus,

364 1446 480 1502 apud
510 1446 759 1503 Aegyptum
786 1448 878 1488 vita
907 1446 1079 1489 functus
1115 1454 1192 1489 est'
1225 1449 1296 1489 vit.
1329 1448 1465 1490 Probi
1491 1452 1530 1498 3,
1562 1452 1605 1492 2.

281 1517 360 1557 311
394 1515 623 1568 Maximus,
647 1514 871 1557 Parthenii
891 1514 1083 1569 libertus,
1105 1515 1344 1558 Domitiani
1361 1517 1536 1558 caedem
1557 1516 1734 1558 adiuvat
1746 1516 1861 1559 Suet.
1873 1516 2000 1562 Dom.
2013 1520 2069 1560 17
2072 1531 2086 1569 ‚·

365 1582 452 1625 Dio
480 1586 543 1633 67,
566 1586 632 1625 17.

282 1652 363 1693 312
394 1651 623 1705 Maximus,
653 1651 829 1692 Traiani
860 1650 1041 1693 libertus
1067 1657 1110 1693 et
1135 1658 1388 1708 procurator
1408 1652 1484 1706 (sie
1505 1651 1622 1696 Plin.
1645 1667 1706 1707 ep.
1728 1655 1797 1703 27,
1819 1654 1885 1703 85,
1916 1652 2088 1695 adiutor

366 1719 508 1761 Virdii
548 1719 778 1762 Gemellini
821 1721 1114 1775 procuratoris
1161 1721 1249 1774 ipse
1294 1721 1509 1763 Traianus
1549 1735 1610 1775 ep.
1644 1723 1735 1778 28),
1787 1722 1832 1764 in
1881 1721 2088 1776 Bithynia

370 1802 501 1842 agens
533 1787 650 1832 Plin.
683 1787 741 1830 ad
771 1787 889 1829 Trai.
910 1790 980 1831 27.
1013 1790 1083 1830 28.
1117 1791 1183 1830 85.
1233 1787 1303 1830 Ad
1334 1788 1597 1831 frumentum
1628 1789 1961 1845 comparandum
1991 1803 2087 1844 pro-

367 1856 505 1898 fectus
539 1857 582 1897 in
614 1854 956 1911 Paphlagoniam
986 1856 1043 1898 ib.
1069 1859 1138 1900 25.

285 1926 367 1966 313
398 1924 628 1978 Maximus,
661 1924 860 1965 inimicus
892 1924 1084 1980 Pompeii
1114 1923 1296 1966 Plantae
1328 1925 1527 1979 (fortasse
1558 1925 1774 1967 lacessitus
1805 1925 1858 1968 ab
1889 1939 1935 1968 eo
1966 1925 2089 1968 libris

370 1992 418 2034 (le
450 1992 553 2034 bello
585 1991 822 2042 Vitelliano,
855 1993 909 2046 ef.
939 1993 1014 2034 sub
1043 1992 1243 2047 Pompeio
1274 1993 1452 2044 Planta,
1490 1993 1534 2035 P
1557 1992 1668 2048 483),
1708 1992 1842 2036 libros
1881 1992 2088 2035 adversus

370 2075 466 2103 eum
498 2061 668 2117 scripsit
698 2067 739 2102 et
767 2060 912 2102 multis
943 2060 1145 2116 legendos
1177 2061 1296 2103 dedit
1326 2063 1427 2103 vivo
1457 2060 1635 2115 Planta3
1676 2077 1748 2104 eos
1778 2061 2090 2108 auditamorte

370 2129 549 2172 Plantae
578 2136 627 2171 ut
657 2129 755 2171 edat
784 2130 949 2172 monuit
979 2144 1077 2171 eum
1108 2129 1274 2172 Plinius
1305 2144 1367 2185 ep.
1395 2133 1432 2181 9,
1464 2134 1503 2172 1.
1561 2130 1765 2173 Fortasse
1796 2130 1895 2174 Sex.
1928 2130 2090 2184 Quinc-

371 2199 489 2242 tilius
518 2197 720 2240 Valerius
745 2198 962 2239 Maximus
992 2198 1048 2252 (Q
1076 2198 1163 2253 23).

286 2270 369 2312 314
400 2268 640 2311 Maximus:
686 2266 776 2307 eius
816 2266 973 2308 iudicio
1008 2265 1169 2308 librum
1210 2281 1337 2309 suum
1376 2267 1519 2308 nescio
1560 2281 1688 2323 quem
1727 2267 1885 2310 subicit
1921 2266 2089 2310 Plinius

372 2353 433 2392 ep.
454 2340 493 2387 8,
516 2340 580 2380 19.
632 2335 836 2377 Fortasse
865 2336 902 2377 is
931 2336 1004 2389 qui
1022 2335 1254 2390 praeeedit.

287 2408 369 2450 315
400 2406 639 2447 Maximus:
680 2404 734 2446 ab
766 2418 814 2445 eo
845 2403 1018 2446 Maturo
1050 2404 1235 2447 Arriano
1268 2405 1400 2461 equiti
1433 2405 1624 2447 Romano
1656 2406 1886 2461 impetrare
1915 2404 2091 2461 aliquod

374 2476 491 2530 cupit
521 2472 688 2515 Plinius
717 2471 846 2528 ‘quod
878 2473 933 2514 sit
958 2472 1230 2529 splendidum
1259 2487 1338 2514 nec
1367 2472 1607 2515 molestum’
1634 2472 1752 2516 Plin.
1775 2488 1835 2528 ep.
1859 2476 1897 2524 3,
1919 2477 1962 2516 2.
2019 2472 2088 2527 Cf.

374 2543 493 2595 infra
521 2541 596 2583 sub
626 2540 671 2583 C.
707 2540 827 2582 Vibio
859 2540 1068 2585 Maxima

289 2612 370 2654 310
400 2610 642 2651 Maximus:
685 2608 739 2650 ad
771 2623 869 2650 eum
899 2608 1017 2650 dedit
1045 2608 1271 2651 Martialis
1298 2613 1336 2659 1,
1370 2612 1406 2651 7.
1439 2612 1504 2651 69.
1543 2611 1582 2659 5,
1617 2612 1668 2650 70
1699 2608 1824 2663 (idem
1852 2622 2001 2651 nomen
2029 2609 2087 2651 ib.

375 2683 411 2730 7,
436 2682 499 2722 73.
530 2682 596 2728 10,
619 2677 699 2731 77).
757 2676 824 2730 Cf.
855 2678 975 2731 infra
1003 2678 1079 2720 sub
1111 2676 1156 2721 O.
1189 2677 1308 2719 Vibio
1340 2677 1550 2720 Maximo.

290 2748 371 2792 317
403 2747 631 2799 Maximus,
656 2745 979 2787 Veronensibus
1011 2746 1056 2786 in
1086 2746 1337 2787 memoriam
1367 2746 1515 2787 uxoris
1542 2744 1782 2799 defunctae,
1815 2759 1926 2800 quae
1951 2744 2094 2787 fuerat

377 2831 431 2857 ex
462 2815 645 2867 Verona,
678 2812 978 2867 gladiatorium
1006 2828 1161 2855 munus
1194 2812 1328 2854 edidit
1359 2813 1476 2855 Plin.
1501 2827 1562 2867 ep.
1585 2816 1622 2863 6,
1643 2816 1708 2855 34.

291 2885 373 2928 318
405 2883 644 2935 Maximus,
678 2880 801 2922 heres
831 2880 994 2923 Valerii
1029 2881 1148 2933 Vari,
1179 2881 1349 2923 debitor
1379 2880 1502 2923 Atilii
1534 2880 1774 2923 Crescentis
1805 2880 1929 2922 amici
1962 2879 2093 2922 Plinii

376 2951 493 2994 Plin.
518 2964 577 3003 ep.
600 2952 637 2999 6,
660 2952 700 2999 8,
721 2952 758 2991 4.

293 3021 375 3063 319
405 3018 645 3060 Maximus:
679 3016 871 3059 Maximo
904 3018 1046 3060 nescio
1079 3018 1147 3059 cui
1177 3017 1406 3073 inscriptae
1437 3023 1538 3059 sunt
1569 3016 1776 3072 epistulae
1797 3015 1940 3058 Plinii
1961 3019 2005 3067 2,
2027 3019 2081 3060 14

377 3091 415 3138 6,
437 3090 502 3129 11.
535 3088 572 3135 7,
593 3088 663 3128 26.
695 3088 733 3134 9,
756 3088 824 3128 23.

295 3157 379 3198 320
410 3154 639 3207 Maximus,
671 3154 806 3208 pistor
835 3153 1175 3195 Nicomediensis
1208 3152 1382 3195 Plinius
1412 3167 1473 3208 ep.
1503 3153 1561 3195 ad
1586 3152 1703 3195 Trai.
1728 3154 1791 3194 74.

295 3225 373 3266 321
407 3222 637 3275 Maximus,
669 3221 773 3263 iuris
804 3227 953 3263 auctor
965 3221 1023 3275 (Ρ)
1055 3222 1112 3275 fr.
1141 3221 1234 3265 Vat.
1259 3225 1314 3263 40
1342 3221 1428 3276 (‘ut
1456 3221 1673 3263 Maximus
1703 3219 1914 3273 adserit').

294 3293 376 3334 322
407 3290 647 3343 Maximus,
679 3289 852 3345 TyriuS,
885 3288 1163 3345 philosophus
1194 3288 1445 3332 Platonicus
1477 3288 1553 3342 (sic
1581 3289 1803 3343 inscriptio
1835 3287 2095 3330 dissertatio-

380 3373 479 3402 num
510 3356 628 3411 eius),
660 3357 821 3399 Romae
841 3358 952 3399 vixit
981 3358 1060 3399 sub
1082 3356 1315 3401 Commodo
1338 3356 1499 3401 Suidas
1517 3370 1550 3399 s.
1572 3370 1609 3399 v.
1657 3357 1777 3399 Inter
1796 3362 2095 3413 praeceptores
