2202 3724
206 303 374 339 IVNIVS
1062 296 1145 338 246
1834 302 2003 339 IVNIVS

291 433 397 474 Dee.
429 433 529 473 anni
560 437 608 473 ut
637 437 739 486 puto
772 432 825 472 26
848 430 902 483 cf.
923 431 1075 487 infra),
1106 436 1222 471 certe
1244 431 1361 472 cirea
1381 445 1540 471 annum
1564 431 1616 473 27
1638 446 1680 487 p.
1703 430 1802 474 Chr.
1827 431 2002 475 V4921.

288 503 404 542 4922
445 498 613 541 tabulae
653 512 800 540 aereae
831 499 1092 551 pertinentes
1127 497 1184 539 acl
1220 497 1446 552 hospitium
1490 498 1651 551 factum
1695 513 1723 540 a
1766 500 2006 542 civitatibus

287 568 450 610 sluabus
468 567 648 620 Africae
670 580 761 608 cum
774 566 995 620 praefecto
1014 566 1187 619 fabrum
1206 565 1387 619 quodam
1407 565 1623 620 eodemque
1643 567 1813 609 tribuno
1833 567 2005 622 leqionis

292 636 439 677 tertiae
453 634 684 688 Auqustae,
709 648 800 676 cum
820 648 900 687 quo
921 634 1143 688 praefecto
1162 634 1335 687 fabrum
1356 634 1469 676 aliae
1491 634 1598 676 duae
1619 635 1806 677 civitates
1825 634 2006 689 Africae

286 703 512 756 hospitium
541 703 729 755 fecerunt
757 702 936 744 ineunte·
955 716 993 745 a.
1015 704 1076 745 27
1099 701 1168 756 (V
1179 705 1302 745 4219.
1333 705 1446 745 4920
1476 702 1632 744 similes
1662 702 1868 759 tabulae),·
1896 703 2006 746 uncle

287 771 465 813 secundo
493 771 684 813 semestri
721 770 901 812 eiusdem
937 771 1042 812 anni
1068 773 1130 813 27
1156 770 1418 812 consulatum
1447 771 1498 812 L.
1531 770 1676 813 Silani
1704 774 1743 813 et
1772 770 1816 817 C,
1848 771 2007 813 Vellaei

285 839 482 880 attribuit
490 838 749 893 Borqhesius
766 853 859 893 opp.
871 841 951 892 510·
965 841 1061 888 205,
1079 838 1300 881 Heneenus
1321 841 1459 880 autem
1477 839 1573 893 (act.
1586 838 1690 880 Arv.
1704 853 1752 892 p.
1770 837 1933 881 CCXL
1944 838 2013 881 VI

286 908 340 961 cf.
369 906 481 949 CIL.
504 908 539 949 I
561 907 621 951 ed.
644 910 676 950 2
697 921 744 960 p.
769 909 836 963 71)
868 920 960 949 cum
990 906 1192 960 reliquiae
1221 907 1430 960 fastorum
1464 907 1651 959 fratrum
1679 906 1906 949 Arvalium
1936 905 2004 948 cle-

283 975 560 1018 monstrarint
589 989 628 1016 a.
650 978 711 1018 27
734 974 785 1016 Ρ.
816 973 1116 1029 Le[ntulum?]
1142 974 1323 1028 aliquem
1347 977 1386 1016 et
1418 973 1463 1016 0.
1496 973 1789 1029 Sall[ustium]
1819 974 2005 1017 consules

284 1042 478 1095 suffectos
505 1044 649 1097 fuisse,
682 1043 901 1085 transtulit
922 1056 989 1085 eos
1011 1043 1068 1085 acl
1093 1057 1132 1085 a.
1154 1045 1225 1093 28,
1259 1042 1411 1085 oblitus
1439 1055 1575 1084 mense
1595 1041 1698 1086 Dec.
1722 1057 1761 1085 a.
1780 1044 1840 1086 28
1867 1043 2004 1096 fasces

280 1112 452 1166 qessisse
488 1112 534 1164 Q.
566 1111 740 1154 Iunium
769 1111 974 1153 Blaesum
1011 1115 1050 1153 et
1078 1112 1129 1153 L.
1160 1111 1396 1153 Antistium
1426 1110 1622 1153 Veterem.
1680 1111 1776 1165 qu
1805 1111 1856 1152 L.
1888 1110 2003 1154 Sila-

281 1194 382 1222 num
414 1179 460 1222 G.
494 1179 705 1222 Vellaeum
743 1179 929 1222 consules
961 1183 1143 1222 extremo
1184 1193 1294 1222 anno
1334 1182 1391 1222 26
1429 1179 1716 1221 attribuendos
1756 1179 2003 1222 crediderim

283 1248 410 1303 (quod
436 1249 482 1290 in
514 1248 671 1290 tabulis
700 1249 871 1303 scriptis
900 1249 1067 1290 ineunte
1098 1262 1209 1290 anno
1238 1250 1301 1291 27
1328 1248 1573 1301 praefectus
1607 1247 1678 1289 ille
1714 1248 1887 1301 fabrum
1919 1261 2004 1289 non

283 1316 437 1358 dicitur
471 1317 664 1359 tribunus
697 1316 887 1371 leqionis,
919 1316 1015 1358 incle
1045 1316 1135 1358 noli
1168 1330 1260 1358 cum
1291 1315 1523 1370 Borqhesio
1560 1315 1752 1370 colliqere
1787 1329 1859 1358 eas
1892 1315 2003 1357 anti-

283 1386 446 1438 quiores
461 1398 565 1437 esse,
579 1399 708 1438 neque
723 1385 890 1427 obstare
903 1384 1097 1427 violentur
1111 1384 1313 1438 reliquiae
1328 1384 1538 1437 fastorum
1552 1384 1737 1438 fratrum
1745 1382 2000 1438 Arvalium).

196 1453 279 1495 549
309 1460 361 1495 Μ.
393 1460 560 1495 IVNIVS
593 1459 802 1495 SILANVS
833 1453 891 1495 M.
913 1453 966 1507 -f.,
998 1453 1054 1494 D.
1087 1468 1141 1507 n.‚
1180 1452 1327 1494 consul
1358 1468 1395 1496 a.
1427 1468 1468 1496 u.
1501 1468 1537 1494 o.
1571 1453 1665 1495 729.
1696 1476 1754 1482 ——
1783 1451 1932 1494 Patris
1963 1454 2002 1493 et

282 1522 353 1563 avi
376 1522 662 1576 praenomina
700 1521 865 1563 exhibet
904 1525 931 1563 t.
971 1521 1239 1563 Atheniensis
1268 1519 1421 1563 CIAtt.
1452 1521 1541 1562 III
1560 1523 1664 1572 568,·
1694 1520 1841 1575 patris
1871 1534 2001 1575 prae-

278 1604 427 1632 nomen
449 1593 509 1632 est
534 1591 660 1632 etiam
691 1589 759 1632 VI
772 1592 866 1634 877.
908 1589 1027 1631 Avus
1055 1590 1237 1643 fortasse
1266 1589 1351 1642 fuit
1381 1588 1523 1630 consul
1552 1603 1591 1630 a.
1613 1592 1710 1639 692,
1740 1591 1879 1638 natus,
1911 1601 2002 1629 cum

279 1658 538 1700 consulatum
559 1658 759 1712 petiverit
784 1659 872 1700 iam
900 1658 946 1700 in
975 1672 1014 1701 a.
1037 1661 1130 1708 690,
1163 1660 1259 1699 ante
1290 1671 1447 1699 annum
1478 1659 1568 1707 648,
1606 1657 1678 1710 qui
1706 1657 1842 1711 fllium
1863 1658 2003 1710 potest

277 1727 493 1781 reliquisse
531 1727 571 1769 si
607 1741 692 1769 non
730 1741 780 1769 eac
810 1726 996 1769 Servilia
1015 1719 1169 1768 'matre
1206 1725 1357 1775 Bruti,
1400 1739 1503 1767 nam
1543 1725 1668 1767 huius
1700 1725 1862 1767 nullam
1889 1738 2002 1766 men-

279 1796 431 1837 tionem
451 1795 549 1850 fieri
566 1795 721 1837 mirum
741 1798 854 1845 esset,
879 1795 933 1848 cf.
949 1794 1159 1849 Borqhesi
1178 1808 1270 1848 opp.
1291 1796 1318 1836 5
1336 1808 1384 1847 p.
1407 1796 1499 1844 176,
1530 1797 1638 1836 certe
1659 1807 1708 1835 ex
1732 1793 1823 1835 alia
1848 1805 2003 1844 uxore,·

280 1863 329 1905 sle
358 1862 415 1907 D.
449 1863 601 1906 Silano
642 1864 860 1905 triumviro
896 1862 1097 1905 monetali
1126 1863 1241 1905 circa
1271 1876 1311 1904 a.
1343 1865 1422 1904 665
1453 1862 1652 1916 coqitavit
1679 1861 1915 1904 Mommsen
1945 1859 2003 1902 acl

276 1930 358 1973 IX
383 1934 481 1975 332.
540 1931 717 1974 Patrem
745 1931 1004 1986 Borqhesius
1033 1945 1125 1985 opp.
1147 1933 1174 1973 5
1195 1945 1242 1985 p.
1264 1933 1344 1973 179
1376 1931 1551 1972 coniecit
1572 1930 1638 1972 M.
1661 1929 1860 1974 Silanum
1890 1929 2001 1983 leqa-

278 2003 365 2041 tum
392 1999 438 2044 O.
467 1999 667 2043 Caesaris
695 2001 740 2042 in
768 1999 918 2042 Gallia
946 2014 986 2041 a.
1018 2002 1098 2041 700
1127 1997 1270 2051 (Caes.
1305 1998 1397 2041 bell.
1426 1998 1543 2041 Gall.
1570 2001 1606 2049 6,
1629 2001 1696 2055 1);
1727 1998 1793 2041 M.
1826 1997 2002 2040 Silanus

275 2067 333 2110 D.
364 2068 421 2121 f.,
453 2071 706 2110 memoratus
736 2069 782 2110 in
811 2071 839 2110 t.
873 2068 1096 2123 Mylaseno
1127 2082 1195 2122 ap.
1228 2066 1691 2121 Lebas-Wadclinyton
1719 2081 1760 2109 n.
1794 2069 1889 2116 409,
1921 2065 2001 2107 ali—

277 2139 431 2190 quanto
473 2137 687 2191 antiquior
725 2136 890 2179 videtur
930 2150 1026 2179 esse.
1055 2161 1112 2166 —
1149 2134 1373 2178 Incertum*
1396 2149 1497 2177 num
1525 2135 1593 2177 hic
1625 2135 1690 2177 M.
1723 2134 1900 2178 Silanus
1929 2134 2004 2188 qui

279 2219 318 2246 a.
351 2208 430 2247 711
458 2205 534 2247 sub
568 2205 634 2247 M.
665 2205 826 2259 Lepido
858 2205 1110 2259 proconsule
1143 2203 1316 2247 Galliae
1345 2205 1623 2261 στρατίαρχος,
1663 2204 1802 2245 iussus
1830 2205 2001 2258 partem

278 2273 563 2327 copiarumin
583 2273 762 2315 Italiam
782 2273 999 2323 adducere,
1023 2287 1115 2315 eam
1137 2272 1202 2317 M
1223 2272 1412 2315 Antonio
1434 2272 1631 2314 adiunxit
1650 2271 1755 2328 (Dio
1773 2274 1839 2322 46,
1859 2273 1926 2315 38.
1945 2272 1999 2313 51

278 2341 333 2395 cf.
362 2340 447 2383 Cic.
469 2355 532 2395 ep.
553 2341 657 2395 fam.
679 2345 744 2392 10,
766 2344 833 2392 30,
854 2345 893 2383 1.
923 2344 989 2392 34,
1011 2341 1072 2396 2).

360 2408 478 2451 Exul
509 2409 625 2465 apud
655 2410 756 2453 Sex.
787 2411 1055 2466 Pompeium⁷
1086 2424 1193 2466 paee
1221 2409 1377 2451 Miseni
1409 2408 1523 2451 faeta
1553 2408 1616 2450 rei
1646 2407 1845 2464 publicae
1873 2407 1996 2450 resti-

274 2478 408 2519 tuitur
438 2477 537 2519 Vell.
559 2481 601 2528 2,
627 2481 691 2520 77.
749 2477 882 2534 Apud
912 2478 971 2520 M.
1002 2477 1242 2520 Antonium
1271 2486 1312 2519 a:
1342 2477 1423 2520 719
1455 2476 1524 2518 vel
1556 2476 1638 2519 720
1667 2482 1869 2534 quaestor
1898 2490 1994 2532 pro·
2080 2508 2083 2510 -

273 2545 448 2587 consule
480 2543 551 2599 (cf.
586 2546 821 2588 Mommsen
852 2546 1038 2589 Staatsr.
1068 2546 1130 2588 II
1132 2546 1150 2571 2
1173 2560 1221 2600 p.
1253 2548 1332 2588 631
1361 2548 1446 2589 not.
1476 2544 1518 2599 5)
1547 2545 1708 2587 nummi
1736 2558 1828 2587 cum
1858 2545 1995 2599 capite

273 2613 339 2657 M.
370 2613 562 2663 Antonii,
601 2613 739 2656 Cohen
768 2614 870 2656 Ant.
901 2629 942 2658 n.
978 2618 1052 2666 71;
1091 2629 1169 2670 pro
1210 2620 1436 2670 quaestore
1475 2616 1503 2655 t.
1533 2613 1802 2656 Atheniensis
1838 2611 1992 2655 OIAtt.

271 2682 360 2724 III
371 2684 465 2732 568,
480 2683 648 2736 positus
669 2683 708 2723 ci
726 2682 906 2724 Athenis
928 2697 955 2724 a
976 2683 1183 2724 communi
1201 2682 1445 2724 Boeotorum
1466 2681 1725 2735 aliorumque
1737 2681 1993 2735 populorum

270 2749 479 2792 Graeciae
519 2749 648 2801 (hunc
678 2754 1022 2804 proquaestorcm
1053 2751 1259 2792 diversum
1289 2763 1373 2792 esse
1404 2765 1431 2792 a
1466 2753 1683 2804 quaestore
1715 2749 1781 2792 M.
1810 2749 1994 2791 Antonii

268 2831 354 2859 non
385 2821 445 2859 est
472 2819 725 2874 verisimile).
790 2818 860 2860 Ab
891 2818 1078 2861 Antonio
1110 2818 1165 2860 ad
1196 2817 1424 2861 Caesarem
1455 2819 1609 2860 transit
1638 2817 1758 2859 Plut.
1788 2817 1891 2860 Ant.
1921 2820 1988 2861 59.

269 2887 339 2928 Ex
359 2885 466 2927 Asia
486 2885 676 2928 tabulam
695 2886 846 2928 Niciae
872 2888 1046 2942 pictoris
1070 2887 1250 2929 Romam
1281 2887 1470 2942 advexit,
1493 2901 1622 2942 quam
1642 2877 1745 2928 mox⁴
1765 2885 1988 2941 Augustus

269 2954 313 2995 in
345 2955 465 2996 curia
494 2953 712 2996 dedicavit
741 2954 860 2996 Plin.
883 2955 923 2996 h.
952 2969 994 2996 n.
1017 2958 1082 3006 35,
1106 2958 1185 2997 131
1216 2955 1270 3009 cf.
1297 2957 1360 2998 27
1387 2953 1518 3007 (hunc
1547 2954 1787 3009 siqnificari
1813 2955 1990 2996 coniecit

270 3022 505 3064 Mommsen
536 3022 594 3064 ad
622 3026 648 3066 t.
678 3022 939 3065 Canusinum
967 3023 1047 3065 IX
1071 3025 1186 3079 332).
1243 3023 1296 3067 A.
1320 3023 1403 3066 729
1435 3022 1585 3065 consul
1615 3012 1858 3064 ordinarius
1888 3036 1987 3064 cum

268 3090 465 3145 Augusto
505 3105 666 3132 nonum
704 3090 880 3133 consule
908 3091 1027 3144 fasti.
1077 3091 1131 3133 A.
1160 3091 1240 3134 737
1273 3091 1501 3134 scribendo
1532 3090 1655 3133 adest
1683 3096 1857 3132 senatus
1889 3105 1986 3133 con-

267 3158 377 3200 sulto
418 3158 471 3201 de
510 3159 624 3201 ludis
664 3158 955 3201 saecularibus
997 3159 1064 3201 VI
1085 3162 1180 3201 877.
1213 3186 1265 3190 -
1307 3159 1505 3203 Silanum
1535 3158 1626 3214 (secl
1649 3172 1760 3213 pars
1799 3158 1984 3201 coelicum

265 3227 465 3281 Σιλουαν-)
495 3227 722 3284 στρατηγόν,
755 3228 823 3269 cui
851 3228 966 3269 circa
997 3242 1035 3269 a.
1060 3231 1139 3269 740
1167 3228 1382 3282 rescripsit
1413 3228 1478 3270 M.
1509 3227 1708 3282 Aqrippa
1732 3226 1781 3269 cle
1809 3227 1984 3270 Iudaeis

263 3294 425 3348 Ephesi
453 3296 790 3346 consistentibus,
824 3295 1017 3345 eundem,
1060 3296 1132 3348 qui
1161 3296 1275 3337 circa
1303 3296 1415 3337 illud
1443 3299 1602 3350 tempus
1630 3295 1783 3337 Asiam
1811 3295 1980 3346 rexerit,

256 3364 429 3416 putavit
455 3363 714 3418 Borqhesius
744 3378 837 3418 opp.
858 3366 885 3407 5
905 3378 953 3418 p.
973 3365 1054 3406 180
1083 3364 1136 3416 cf.
1169 3363 1454 3419 Waddinqton
1483 3365 1616 3418 fastes
1647 3378 1689 3406 n.
1709 3366 1775 3408 55.
