2202 3724
261 286 426 323 IVLIVS
1124 274 1203 315 192
1896 276 2060 313 IVLIVS

351 417 540 460 omnium
561 427 772 456 annorum
794 412 1162 468 septingentorum
1181 409 1315 452 libros
1337 410 1428 451 sive
1449 409 1556 451 duos
1578 409 1654 464 (sie
1675 409 1763 451 cod.
1779 408 1950 466 Bamb.)
1972 410 2064 451 sive

351 490 553 541 quattuor
585 481 689 537 (eod.
724 480 907 534 Nazar.)
939 479 992 533 ef.
1030 477 1190 530 Teuffel
1218 479 1322 520 Lat.
1352 480 1446 522 348.
1501 477 1602 520 Vide
1633 478 1759 520 eliam
1788 477 1839 519 L.
1870 477 2064 519 Anneius

351 553 504 595 Florus
535 553 573 592 el
602 550 651 593 P.
682 549 851 591 Annius
881 547 1050 591 Florus.

267 622 350 665 214
381 620 428 663 0.
449 618 586 661 Iulius
606 618 955 670 Fortunatianus,
979 616 1177 670 egregius
1199 616 1277 666 vir,
1301 614 1350 658 0.
1372 615 1506 657 Mevii
1529 614 1622 658 Silii
1648 614 1891 657 Crescentis
1911 615 2063 657 Fortu-

350 688 513 730 natiani
543 686 767 728 clarissimi
798 684 919 741 pueri
950 690 1073 740 pater
1103 683 1226 726 VIII
1238 686 1330 725 610.

266 759 348 800 215
380 756 516 798 Iulius
537 755 784 807 Frontinus,
809 752 964 806 rhe'tor,
987 752 1193 807 magister
1214 752 1364 795 Severi
1382 751 1619 794 Alexandri
1639 752 1710 793 vit.
1722 751 1963 794 Alexandri
1974 754 2014 802 3,
2025 754 2065 793 3.

266 827 347 868 216
379 830 485 867 SEX.
515 828 680 864 IVLIVS
710 827 1006 863 FRONTINVS.
1067 819 1330 862 Praenomen
1360 823 1420 862 est
1451 820 1518 863 VI
1529 823 1665 870 2222,
1708 819 1831 863 VIII
1843 822 1962 870 7066,
1990 819 2070 862 IX

351 895 469 941 6083,
503 894 576 941 78,
619 890 834 931 Laneiani
862 888 952 943 Syll.
986 902 1051 942 aq.
1083 891 1181 939 128,
1212 889 1309 945 ilem
1338 889 1384 930 in
1414 888 1515 943 dipl.
1546 888 1633 930 mil.
1666 889 1771 931 anni
1797 891 1864 938 98,
1896 889 1993 930 item
2022 888 2069 930 in

351 960 560 1002 codicibus
598 958 812 1000 nonnullis
848 960 1172 1011 strateyematon
1210 957 1264 1010 ef.
1299 956 1605 999 Gundermann
1635 957 1779 1011 praef.
1812 956 1869 998 ad
1896 959 2066 1010 stratey.

353 1044 400 1083 p.
422 1028 532 1070 XII.
594 1026 681 1068 Pro
712 1026 923 1068 Frontino
953 1026 1000 1067 in
1029 1025 1240 1067 codicibus
1278 1039 1362 1067 non
1395 1039 1497 1067 raro
1530 1025 1684 1067 dieitur
1713 1025 1896 1079 Fronto,
1937 1027 1986 1066 ut
2023 1025 2069 1066 in

351 1097 557 1150 Prosperi
599 1095 810 1137 codicibus
848 1095 924 1136 sub
966 1108 1005 1136 a.
1038 1097 1133 1144 100,
1174 1097 1213 1136 et
1252 1093 1320 1135 hie
1358 1093 1448 1135 illie
1486 1094 1533 1135 in
1570 1093 1708 1135 codiee
1746 1095 2070 1147 strateyematon

351 1165 547 1209 Gothano
570 1164 641 1219 (ef.
667 1163 971 1206 Gundermann
993 1162 1019 1206 l.
1043 1162 1093 1216 e.)
1120 1165 1159 1204 et
1187 1163 1233 1204 in
1264 1162 1474 1204 codicibus
1502 1161 1716 1204 nonnullis
1743 1161 2070 1215 yromatieorum

353 1234 464 1286 (Ser.
493 1247 626 1287 yrom.
646 1233 680 1275 I
689 1247 737 1287 p.
758 1235 823 1282 34,
847 1236 911 1275 14.
941 1234 1034 1281 108,
1059 1233 1087 1273 8
1118 1231 1291 1287 adnot).
1474 1238 1476 1240 “

436 1303 617 1344 Praetor
647 1300 838 1342 urbanus
869 1316 906 1342 a.
931 1300 984 1342 70
1020 1300 1117 1342 Tac.
1139 1299 1179 1341 h.
1200 1303 1239 1350 4,
1266 1302 1333 1342 39.
1393 1299 1556 1341 Eodem
1587 1313 1698 1341 anno
1730 1299 1882 1341 civitas
1911 1297 2069 1352 Lingo-

353 1386 454 1412 num
486 1372 529 1411 in
562 1369 706 1413 Gallia
735 1369 914 1411 tradidit
945 1383 989 1409 se
1021 1370 1059 1410 ei
1092 1367 1249 1422 (legato
1280 1367 1461 1422 legionis
1491 1368 1614 1423 puto)
1643 1367 1732 1421 ipse
1754 1368 1876 1408 strat.
1898 1369 1936 1416 4,
1957 1368 1996 1413 3,
2018 1368 2072 1408 14

354 1439 419 1494 (de
448 1452 527 1491 quo
557 1438 644 1479 loeo
676 1438 728 1491 ef.
754 1436 1059 1479 Gundermann
1090 1450 1187 1479 ann.
1201 1435 1311 1490 phil.
1332 1435 1601 1478 Fleckeiseni
1619 1435 1754 1490 suppl.
1775 1434 1853 1477 vol.
1875 1435 2072 1484 16,1888

354 1522 402 1562 p.
423 1508 536 1562 321).
578 1504 740 1548 Consul
761 1505 856 1546 suff.
879 1520 916 1547 a
938 1505 1034 1559 ine„
1065 1504 1246 1546 fortasse
1267 1519 1304 1545 a.
1326 1504 1380 1545 74
1411 1503 1479 1546 VI
1490 1507 1603 1547 2016
1631 1504 1686 1557 ef.
1708 1503 1917 1558 Boryhesi
1936 1517 2030 1557 opp.
2046 1505 2073 1544 6

353 1590 402 1629 p.
432 1577 518 1616 477
549 1575 604 1628 (a.
638 1575 690 1616 72
722 1573 790 1615 vel
820 1574 872 1615 73
904 1537 1189 1627 Waddinyton
1223 1572 1355 1626 fustes
1383 1586 1425 1614 n.
1449 1572 1561 1625 103).
1620 1571 1776 1626 Augur
1804 1571 1980 1613 Plinius
2009 1585 2072 1626 ep.

352 1647 390 1693 4,
412 1645 451 1692 8,
474 1645 512 1684 3.
572 1642 764 1696 Legatus
793 1640 905 1695 Aug.
936 1641 1186 1696 piovinciae
1217 1641 1468 1682 Britanniae
1499 1639 1553 1681 ab
1585 1655 1623 1682 a.
1654 1639 1744 1681 fere
1776 1640 1829 1682 76
1870 1639 1989 1693 (inde
2019 1638 2073 1681 ab

352 1726 389 1752 a.
422 1712 476 1753 74
514 1710 583 1752 vel
624 1711 750 1751 etiam
791 1716 975 1751 exeunte
1006 1724 1043 1751 a.
1077 1709 1129 1751 73
1162 1709 1463 1763 Waddinylon)
1494 1708 1555 1750 ad
1589 1723 1626 1751 a.
1661 1709 1713 1751 78
1750 1708 1846 1752 Tae.
1882 1707 1990 1763 Ayr.
2021 1709 2077 1749 17

355 1781 408 1833 ef.
428 1780 629 1843 fluebnei·
649 1792 751 1820 mus.
773 1778 907 1820 Rhen.
929 1781 999 1827 12,
1022 1780 1133 1820 1857
1149 1792 1196 1831 p.
1219 1780 1285 1820 56.
1336 1776 1577 1820 Proconsul
1598 1776 1730 1819 Asiae
1748 1777 1911 1819 nummi
1931 1775 2076 1831 Smyr-

352 1844 555 1890 naeorum
584 1847 780 1901 inseripti
810 1848 920 1889 ἀνῦυ.
954 1847 1177 1904 Φροντείνῳ
1209 1844 1425 1898 (Mionnet
1444 1846 1533 1888 III
1555 1848 1653 1896 206,
1684 1849 1807 1890 1121.
1838 1848 1934 1896 210,
1956 1847 2074 1889 1155.

355 1919 471 1966 1156,
501 1916 638 1970 suppl.
671 1915 739 1957 VI
759 1918 841 1957 318
871 1928 978 1969 sea,
1017 1913 1304 1969 Waddinyton
1330 1915 1462 1968 fastes
1491 1929 1533 1956 n.
1563 1917 1668 1966 103;
1705 1914 1840 1971 alibi),
1882 1913 1940 1956 ad
1967 1913 2077 1956 hune

355 1988 463 2026 reete
501 1984 589 2026 sine
628 1983 754 2025 dubio
792 1983 921 2025 relati
957 1997 985 2025 a
1027 1982 1369 2037 Waddinytonio.
1430 1982 1617 2026 Curator
1658 1997 1868 2039 aquarum
1907 1987 2076 2024 creatus

355 2069 391 2096 a.
415 2053 467 2095 97
498 2052 735 2094 Frontinus
758 2051 805 2094 de
828 2066 893 2106 aq.
914 2055 952 2094 1.
976 2055 1073 2095 102.
1117 2051 1278 2094 Consul
1303 2052 1348 2093 Π
1378 2051 1541 2093 suffect.
1571 2065 1717 2093 mense
1741 2050 1869 2093 Febr.
1892 2051 1946 2093 98
1977 2064 2076 2092 cum

355 2122 540 2163 Traiano
572 2121 617 2162 II
647 2120 747 2174 dipl.
778 2120 865 2164 mil.
898 2119 967 2175 (C.
988 2120 1079 2162 III
1102 2135 1151 2174 p.
1181 2119 1283 2174 862)
1324 2120 1378 2174 of.
1413 2114 1613 2162 mrtial.
1644 2122 1711 2170 10,
1741 2122 1808 2170 48,
1838 2121 1920 2171 20;
1954 2118 2074 2161 Plin.

357 2204 463 2244 pan.
476 2192 540 2230 61.
573 2188 747 2230 Electus
765 2204 790 2230 a
805 2195 957 2230 senatu
974 2189 1049 2244 qui
1067 2194 1260 2245 sumptus
1281 2187 1476 2244 publicos
1496 2187 1752 2230 minuendos
1775 2193 1946 2229 curaret
1956 2186 2074 2229 Plin.

346 2272 453 2313 pan.
466 2261 534 2299 62.
557 2256 718 2299 Consul
734 2258 907 2299 tertium
920 2257 1041 2299 VIII
1045 2260 1164 2308 7066,
1183 2256 1425 2299 ordinarius
1441 2272 1477 2299 a.
1495 2257 1576 2299 100
1590 2271 1686 2298 cum
1699 2256 1886 2298 Traiano
1903 2255 2076 2297 tertium

356 2327 424 2369 VI
436 2329 583 2377 2222;
612 2326 720 2379 fasti
741 2326 794 2379 ef.
819 2325 936 2367 Plin.
951 2340 1056 2380 pan.
1079 2329 1144 2368 61.
1186 2326 1373 2368 Traiano
1403 2325 1609 2381 probatus
1634 2324 1824 2379 Veyetius
1842 2338 1878 2368 r.
1899 2338 1954 2365 m.
1977 2326 2020 2373 2,
2035 2325 2075 2364 3.

356 2395 533 2437 Amicus
564 2393 705 2435 Plinio
735 2393 851 2435 Plin.
881 2408 942 2448 ep.
968 2397 1007 2444 4,
1030 2396 1070 2444 8,
1093 2397 1120 2435 3
1130 2407 1143 2445 ;
1173 2393 1227 2436 ab
1259 2408 1308 2436 eo
1340 2392 1561 2436 adhibitus
1588 2393 1634 2434 in
1664 2391 1843 2435 consilio
1873 2393 1918 2434 in
1948 2405 2078 2434 causa

355 2464 526 2519 privata
545 2463 600 2504 ib.
622 2465 660 2512 5,
681 2465 719 2512 1,
740 2464 779 2504 5.
836 2462 1000 2504 Fautor
1028 2461 1250 2516 Martialis,
1279 2462 1353 2518 qui
1380 2462 1501 2503 venit
1525 2461 1580 2504 ad
1602 2476 1699 2503 eum
1721 2475 1819 2503 cum
1839 2461 1885 2502 in
1906 2474 2077 2502 secessu

357 2531 659 2572 Tarracinensi
680 2530 856 2584 degeret
877 2530 1252 2581 Martial.10;·58;
1275 2530 1462 2572 Formiis
1487 2529 1670 2586 hospitio
1696 2528 1812 2585 apud
1838 2543 1883 2570 se
1907 2528 2078 2584 excepit

355 2605 573 2640 auctorem
603 2604 810 2640 tractatus
842 2599 1009 2642 Graece
1039 2599 1187 2654 scripti
1218 2597 1271 2640 de
1299 2613 1346 2640 re
1375 2597 1549 2640 militari
1569 2597 1740 2641 Aelian.
1759 2597 1909 2639 tactio.
1930 2596 2075 2652 praef.

357 2665 555 2720 (fortasse
608 2670 695 2708 tam
748 2666 863 2720 apud
905 2666 1156 2709 Martialem
1209 2680 1335 2720 quam
1389 2666 1504 2720 apud
1540 2665 1769 2708 Aelianum
1810 2665 2078 2720 siynifieatur

359 2734 502 2776 eadem
530 2734 633 2776 villa
663 2734 799 2776 litoris
829 2733 994 2788 Volsci).
1040 2734 1284 2776 Defunctus
1315 2750 1353 2777 a.
1377 2735 1458 2778 103
1487 2733 1557 2776 vel
1579 2735 1661 2776 104
1690 2733 1806 2776 Plin.
1828 2748 1890 2787 ep.
1907 2724 1954 2784 ⁷4,
1974 2735 2015 2783 8,
2037 2736 2076 2777 3.

361 2803 688 2844 Monumentum
718 2801 799 2844 sibi
828 2803 922 2844 fieri
953 2808 1209 2845 testamento
1240 2803 1378 2845 vetuit
1406 2803 1463 2846 ib.
1486 2805 1524 2853 9,
1546 2805 1613 2845 19.
1659 2802 1741 2844 Vir
1769 2815 1952 2857 magnus
1978 2801 2076 2844 Tae.

358 2870 465 2925 ΑΨ.
488 2874 553 2921 17,
585 2871 786 2927 princeps
816 2872 885 2912 vir
915 2870 1034 2914 Plin.
1066 2886 1128 2926 ep.
1154 2875 1193 2922 4,
1215 2874 1254 2922 8,
1275 2874 1314 2915 3.
1348 2895 1399 2901 -
1431 2870 1610 2913 Abavus
1640 2870 1787 2914 Sosiae
1816 2868 2079 2913 Falconillae

362 2939 486 2981 VIII
509 2942 627 2990 7066,
661 2954 856 2995 ,proavus
887 2938 940 2992 Q.
972 2940 1165 2995 Pompeii
1197 2939 1445 2983 Senecionis
1477 2939 1577 2982 SeX.
1607 2938 1708 2981 Iulii
1737 2939 1935 2981 Frontini
1965 2938 2078 2982 Sosii

357 3008 494 3049 Prisci
525 3008 581 3050 ib.
615 3008 668 3061 ef.
690 3007 771 3051 XI
775 3007 958 3059 V3609‚·
987 3011 1160 3050 stemma
1182 3008 1449 3062 propositum
1474 3006 1531 3048 ad
1559 3006 1681 3049 VIII
1695 3002 1825 3049 7066?
1846 3031 1898 3036 —
1935 3006 2077 3049 Tubus

348 3075 572 3130 plumbeus
602 3076 689 3118 eius
708 3077 874 3118 nomine
893 3076 1121 3130 inscriptus
1141 3076 1304 3118 Romae
1323 3090 1425 3129 rep„
1457 3075 1674 3117 Laneiani
1691 3075 1783 3130 syll.
1808 3089 1872 3129 aq.
1893 3077 1980 3118 128
2009 3072 2078 3128 (ex

360 3142 495 3186 Fabr.
522 3147 559 3194 7,
580 3146 692 3199 404).
735 3144 1012 3198 Siynaeulum
1040 3145 1165 3186 inser.
1209 3144 1331 3187 Sexti
1361 3143 1443 3186 Iuli
1474 3143 1683 3185 Frontoni
1714 3141 1807 3200 (sie)
1835 3143 2004 3198 prodiit
2031 3143 2078 3186 in

360 3211 527 3253 Marsis
557 3211 637 3254 IX
654 3214 774 3262 6083,
800 3215 863 3256 78.
897 3238 947 3242 —
984 3212 1167 3268 Scripsit
1194 3212 1349 3267 multa,
1381 3212 1426 3253 in
1456 3211 1520 3253 his
1549 3211 1681 3254 libros
1711 3212 1952 3266 argumenti
1982 3225 2078 3267 gro-

356 3280 523 3334 matici,
561 3295 744 3335 quorum
785 3287 989 3337 excerpta
1020 3287 1169 3323 extant
1208 3282 1251 3322 in
1285 3294 1464 3337 corpore
1493 3280 1824 3335 gromaticorum
1855 3279 1949 3324 Sor.
1979 3293 2077 3335 yro-

356 3348 503 3388 matiei
541 3348 602 3390 ed.
645 3348 895 3410 Lachmann
930 3350 964 3391 I
989 3364 1036 3403 p.
1067 3352 1202 3392 1-58
1241 3349 1296 3403 ef.
1335 3348 1584 3391 Lachmann
1627 3349 1684 3393 ib.
1719 3349 1780 3391 II
1805 3363 1853 3403 p.
1883 3350 1963 3390 101
1993 3361 2073 3403 seq.
