2202 3724
267 301 612 336 MITHRIDATES
1123 294 1205 335 382
1753 300 2067 336 MNASIBVLVS

267 431 350 475 454
380 430 664 483 Mithridates,
689 429 842 471 nobilis
864 429 1064 483 Parthus,
1089 429 1202 482 regis
1224 428 1435 471 Artabani
1456 444 1602 485 gener,
1630 429 1685 472 ab
1707 429 1887 473 Anilaeo
1908 429 2068 474 Iudaeo

351 505 501 555 eaptus
543 505 584 540 et
623 513 720 540 eum
762 498 998 552 ignominia
1034 497 1257 551 dimissus,
1302 504 1449 553 postea
1489 497 1683 541 eiusdem
1711 498 1884 541 Anilaei
1924 499 2070 554 copias

347 568 481 608 vineit
510 566 672 620 Ioseph:
707 570 793 610 ant.
823 569 888 616 16,
919 569 956 619 9,
988 569 1026 608 6.
1057 568 1094 607 7.

266 636 347 677 455
379 634 664 688 Mithridates,
696 649 774 676 rex
805 634 1000 690 Bospori.
1046 633 1084 675 Ε
1106 635 1287 689 posteris
1309 634 1573 677 Mithridatis
1595 635 1828 691 Eupatoris
1847 634 1936 678 Dio
1956 639 2021 686 60,
2043 639 2071 678 8

353 704 407 755 ef'.
445 703 543 745 Tae.
574 717 612 744 a.
644 706 713 752 12,
747 705 812 757 18,
854 702 970 757 filius
999 701 1203 757 Aspur9i‚
1244 705 1387 756 utpote
1425 704 1564 757 frater
1601 702 1754 758 Cotyis.
1815 702 1855 745 A
1885 703 2068 747 Claudio

350 785 482 825 regno
522 772 771 826 Bosporano
812 770 998 813 donatus
1028 785 1066 812 a.
1097 771 1147 812 41
1190 769 1278 812 Dio
1310 770 1336 813 l.
1369 784 1430 822 e.,·
1467 771 1542 813 sed
1579 772 1707 814 etiam
1745 772 1820 814 sub
1858 770 2068 826 Caliyula,

351 854 389 881 a.
409 840 546 890 39l40,
571 842 743 894 partem
773 842 881 881 certe
910 839 1033 893 reqni
1051 838 1299 892 Bosporani
1322 839 1397 881 sub
1429 853 1475 881 eo
1504 840 1635 893 fuisse
1665 854 1715 882 ex
1742 853 1910 882 nummo
1941 854 2070 883 aureo

348 922 482 961 nuper
521 910 685 962 reperto
723 907 890 949 videtur
925 907 1067 961 eolliyi
1101 920 1235 960 posse,
1267 907 1512 961 Latyscheu)
1542 911 1574 951 2
1593 922 1641 962 p.
1664 907 1842 950 XLIII.
1895 907 2072 950 Nummi

351 977 471 1018 aenei
500 977 600 1026 eius,
631 975 791 1018 Eolchel
810 980 841 1019 2
863 991 910 1030 p.
931 978 1024 1026 376,
1059 975 1235 1018 Koeltne
1264 989 1368 1019 mus,
1391 975 1686 1031 Kotsehoubey
1706 976 1767 1018 II
1779 990 1827 1030 p.
1849 979 1947 1019 214.
1996 975 2069 1029 (In

350 1045 470 1087 titulo
493 1046 597 1087 anni
614 1049 666 1088 41
688 1060 736 1100 p.
765 1044 882 1095 Chr„
915 1059 1033 1099 quern
1053 1045 1223 1098 primus
1254 1045 1385 1087 edidit
1405 1044 1663 1099 Stephanius
1683 1045 1901 1099 Me'lanyes
1928 1047 2070 1099 9re'eo-

348 1115 537 1156 romains
558 1114 618 1156 II
631 1129 679 1168 p.
702 1114 798 1164 200,
839 1127 987 1156 nomen
1018 1113 1292 1155 IlIithriclatis
1320 1127 1405 1155 non
1435 1114 1565 1167 fuisse
1596 1113 1799 1168 adfirmat
1828 1113 2071 1167 Latysehew

349 1183 475 1224 inser.
498 1182 628 1224 Ponti
646 1182 812 1224 Euxini
830 1182 891 1224 II
912 1196 953 1224 n.
974 1181 1086 1235 400).
1107 1207 1160 1210 —
1185 1181 1295 1224 Cum
1326 1196 1393 1223 res
1424 1196 1558 1223 novas
1589 1181 1823 1235 moliretur,
1855 1182 1898 1222 in
1926 1181 2070 1223 locum

351 1252 442 1292 eius
474 1265 552 1291 rex
582 1251 857 1292 constituitur
887 1265 913 1291 a
945 1249 1129 1292 Claudio
1157 1249 1290 1305 Cotys
1322 1250 1456 1292 frater
1487 1251 1577 1292 eius
1599 1249 1752 1292 Petrus
1773 1249 1935 1293 Patrio.
1966 1250 2023 1303 fr.
2043 1253 2072 1292 3

351 1320 436 1374 (ap.
457 1318 641 1361 Mueller
661 1319 714 1372 fr.
737 1318 832 1360 hist.
853 1317 929 1362 Gr.
951 1318 1028 1360 IV
1038 1332 1085 1371 p.
1110 1321 1202 1368 184,
1227 1319 1303 1360 ubi
1322 1332 1464 1360 errore
1491 1318 1731 1372 appellatur
1754 1332 1830 1360 rex
1849 1318 2068 1369 Hiberiae,

352 1388 406 1440 ef.
438 1387 672 1428 Mommsen
700 1386 805 1430 RG.
841 1386 880 1428 V
891 1401 940 1440 p.
961 1389 1044 1428 379
1074 1389 1158 1429 not.
1180 1388 1253 1442 2),·
1282 1387 1336 1439 ef.
1373 1386 1470 1429 Tae.
1504 1400 1542 1428 a.
1575 1389 1645 1436 12,
1666 1388 1733 1430 18.
1792 1386 1944 1441 Regno
1974 1400 2069 1442 pro-

350 1455 478 1509 fugus
499 1461 683 1508 vagatur
705 1454 823 1496 Plin.
846 1454 885 1498 h.
906 1468 948 1497 n.
970 1458 1006 1504 6,
1030 1457 1106 1504 17;
1141 1454 1238 1497 Tae.
1262 1468 1301 1497 a.
1324 1457 1394 1504 12,
1415 1456 1467 1496 15
1487 1467 1568 1507 seq.
1620 1453 1783 1509 Captus
1805 1460 1846 1495 et
1866 1454 2071 1496 Romanis

351 1523 534 1565 traditus
570 1523 667 1565 Tae.
701 1537 742 1564 a.
772 1526 841 1572 12,
874 1525 1033 1565 18—21.
1090 1522 1214 1564 Vixit
1245 1537 1382 1577 usque
1412 1521 1468 1564 ad
1498 1521 1908 1578 temporevGalbae,
1940 1537 2069 1578 quem

350 1593 492 1633 inrisit
522 1591 641 1633 Plut.
671 1590 798 1633 Galb.
830 1594 894 1641 13,
932 1597 975 1633 et
1005 1606 1030 1632 a
1058 1605 1143 1646 quo
1176 1591 1341 1632 occisus
1372 1596 1437 1632 est
1466 1596 1614 1646 utpote
1644 1590 1789 1632 fautor
1817 1590 2071 1647 Nymphidii

350 1661 405 1704 ib.
433 1674 466 1702 e.
489 1662 554 1703 15.
613 1659 727 1702 Uoeor
755 1659 819 1701 vel
847 1662 1003 1701 mater:
1033 1658 1316 1715 Gepaepyris,
1344 1659 1398 1712 ef.
1426 1659 1502 1700 sub
1533 1658 1613 1701 hae
1643 1658 1708 1714 (G
1737 1658 1848 1713 101).

266 1728 348 1771 456
379 1728 666 1782 Mithridates,
699 1727 902 1782 Hiberus,
934 1726 1239 1768 Pharasmanis
1272 1733 1314 1769 et
1334 1725 1597 1768 Mithridatis
1618 1727 1693 1783 qui
1723 1727 1921 1782 sequitur
1950 1733 2073 1783 pater

350 1796 438 1839 Dio
467 1799 533 1846 58,
559 1800 630 1839 26.

266 1866 347 1907 457
379 1864 673 1919 Mithridates,
707 1864 919 1918 Hiberus,
951 1863 1217 1906 Mithridatis
1247 1863 1276 1906 f.
1307 1863 1395 1906 Dio
1424 1866 1491 1914 58,
1523 1866 1592 1913 26,
1624 1862 1927 1906 Pharasmanis
1958 1865 2071 1919 regis

352 1934 615 1976 Hiberorum
657 1933 790 1975 frater
836 1933 934 1975 Tae.
967 1947 1006 1975 a.
1038 1936 1076 1983 6,
1107 1935 1178 1983 32,
1221 1932 1308 1974 Dio
1338 1931 1365 1974 l.
1397 1945 1430 1974 c.
1491 1931 1531 1974 A
1563 1931 1696 1973 fratre
1730 1938 1773 1974 et
1811 1946 1838 1973 a
1867 1932 2071 1975 Romanis

352 2002 524 2044 adiutus
545 2015 726 2055 regnum
746 2001 978 2043 Armeniae
1000 2007 1181 2056 oeeupat
1203 1999 1365 2042 ultimis
1386 1999 1551 2042 Tiberii
1573 2000 1698 2041 annis
1714 1999 1813 2042 Tac.
1832 2014 1872 2041 a.
1887 2003 1924 2051 6,
1935 2003 2006 2043 32.
2018 2003 2073 2043 33

354 2073 408 2125 of.
439 2071 527 2113 Dio
555 2073 622 2122 58,
653 2075 711 2115 26
741 2070 854 2123 (inde
884 2070 1037 2113 Petrus
1067 2070 1230 2114 Patrio.
1262 2070 1319 2123 fr.
1339 2073 1394 2120 -2,
1427 2083 1495 2124 ap.
1525 2068 1711 2111 Mueller
1740 2069 1797 2122 fr.
1828 2068 1868 2113 h.
1897 2068 1975 2111 Gr.
1997 2068 2077 2111 IV

349 2155 397 2195 p.
431 2143 540 2195 184).
611 2139 650 2181 A
682 2139 730 2183 C.
764 2139 948 2182 Caesare
990 2140 1033 2180 in
1074 2138 1224 2181 urbem
1264 2144 1467 2180 evocatus
1505 2143 1547 2179 et
1584 2137 1630 2178 in
1669 2136 1865 2178 custodia
1903 2136 2075 2179 habitus

353 2208 513 2251 Seneca
542 2207 644 2249 clial.
665 2211 703 2258 9,
726 2211 790 2258 11,
814 2211 894 2259 12;
923 2207 1010 2249 Dio
1040 2210 1105 2257 60,
1128 2209 1156 2248 8
1186 2207 1241 2260 ef.
1270 2206 1366 2250 Tae.
1396 2220 1436 2248 a.
1458 2208 1523 2255 11,
1546 2207 1587 2246 8.
1647 2204 1700 2247 A.
1731 2204 1785 2247 47
1817 2205 1862 2245 in
1892 2217 2073 2258 regnum

354 2283 515 2318 remeat
550 2276 648 2318 Tae.
681 2290 720 2318 a.
751 2279 815 2326 11,
846 2279 886 2319 8.
916 2279 966 2327 9;
995 2275 1084 2317 Dio
1105 2278 1170 2325 60,
1191 2278 1230 2316 8.
1292 2274 1333 2316 A
1363 2273 1612 2316 Radamisto
1644 2273 1789 2315 fratris
1819 2271 1907 2314 filio
1939 2286 2071 2327 regno

353 2344 498 2400 pulsus
530 2350 572 2386 et
602 2344 768 2386 oeeisus
805 2344 900 2387 Tac.
933 2358 972 2387 a.
1002 2347 1070 2393 12,
1102 2346 1256 2385 44-48.

268 2414 350 2455 458
382 2413 666 2467 Mithridates,
700 2414 813 2466 regis
835 2411 1139 2454 Pharasmanis
1171 2411 1211 2465 f.‚
1246 2426 1325 2453 rex
1350 2410 1611 2452 Hiberorum
1644 2425 1682 2451 a.
1704 2424 1745 2465 p.
1768 2408 1817 2451 C.
1841 2409 1894 2451 75
1925 2408 2073 2451 titulus

351 2497 438 2536 rep.
464 2482 520 2523 ad
545 2482 699 2535 flumen
726 2480 894 2536 Cyrum,
925 2481 1002 2523 ubi
1029 2481 1114 2534 suit
1133 2480 1393 2522 Harmoziea
1417 2479 1636 2528 Hiberiae,
1668 2477 1803 2520 editus
1833 2476 1877 2521 C.
1908 2477 1997 2520 III
2016 2477 2075 2519 ad

350 2564 391 2592 n.
414 2553 536 2592 6052.
1547 2589 1550 2593 .

268 2618 351 2660 459
382 2617 654 2659 Mithridates
696 2618 829 2672 (filius
862 2619 1043 2671 fortasse
1074 2618 1163 2659 eius
1193 2617 1267 2670 qui
1296 2615 1534 2670 praeeedit)
1564 2629 1643 2656 rex
1671 2613 1939 2656 Hiberorum
1968 2618 2071 2655 tem-

354 2686 529 2741 poribus
560 2692 608 2727 ut
635 2685 808 2727 videtur
829 2687 1026 2740 Traiani3
1057 2685 1191 2727 frater
1220 2686 1313 2726 eius
1332 2683 1600 2738 Amazaspus
1630 2681 1889 2736 epitaphium
1917 2681 2073 2735 fratris

353 2754 454 2803 eius,
488 2768 555 2807 ap.
584 2753 744 2795 Kaibel
774 2754 901 2808 epigyr.
934 2756 1014 2796 549
1046 2773 1100 2787 Ξ
1130 2754 1263 2795 Inser.
1293 2752 1371 2794 Gr.
1404 2750 1525 2794 Sz'eil.
1557 2749 1659 2793 Ital.
1690 2752 1810 2791 1374.

269 2823 351 2864 460
381 2821 655 2863 Mithridates
697 2821 930 2877 Chrysippi
970 2821 1049 2865 fil.:
1091 2823 1130 2863 ei
1171 2820 1338 2862 Plinius
1376 2819 1597 2861 civitatem
1636 2818 1838 2873 impetrat
1865 2816 1983 2861 Plin.
2015 2817 2074 2859 ad

358 2890 475 2932 Trai.
507 2893 571 2932 11.

268 2960 342 3001 461
380 2958 650 3000 Mnasibulus
676 2957 826 3011 (Μνασ-
856 2961 1124 3000 servaverunt
1154 2957 1312 2999 codices
1341 2955 1514 3010 quidam
1554 2969 1622 3009 ap.
1655 2953 1939 3004 Pausaniam,
1980 2967 2073 2995 cum

354 3031 415 3069 ter
435 3041 583 3069 nomen
595 3029 797 3079 ponatur,
831 3025 918 3067 loeo
931 3029 1170 3079 postrorum·
1198 3024 1372 3077 reliquis
1393 3023 1495 3066 loeis
1514 3022 1823 3079 Μνησίβουλος),
1846 3019 2069 3076 Elatensis,

354 3094 526 3148 athleta,
560 3093 698 3135 stadio
729 3094 869 3135 victor
899 3093 1159 3149 Olympiade
1191 3092 1444 3135 CCXXXV
1476 3092 1533 3147 [p.
1565 3090 1666 3133 Chr.
1703 3089 1822 3143 161];
1858 3090 1894 3131 is
1923 3088 2071 3132 Costo-

353 3162 471 3205 boeis
522 3163 566 3203 in
611 3161 840 3205 Gra-eciam
890 3160 1227 3216 irrumpentibus
1276 3174 1407 3202 manu
1455 3158 1635 3201 collecta
1683 3156 1852 3199 fortiter
1900 3157 2069 3211 restitit,

354 3237 569 3287 postremo
603 3244 801 3286 pugnans
837 3228 991 3270 cecidit
1019 3229 1265 3270 Pausanias
1297 3232 1364 3279 10,
1393 3231 1459 3278 34,
1490 3230 1517 3270 5
1548 3225 1676 3278 (anno
1705 3227 1786 3268 175
1813 3225 1877 3267 vel
1906 3227 1998 3274 176,
2026 3227 2074 3266 ut

349 3301 481 3353 putat
519 3297 740 3351 Heberdey
780 3296 977 3350 arch-ep.
1016 3296 1162 3338 Mittit.
1203 3310 1279 3338 aus
1308 3296 1441 3338 Oestr.
1472 3298 1538 3345 13,
1571 3296 1680 3336 1890
1700 3308 1749 3347 p.
1772 3292 1884 3346 190).
1913 3317 1971 3322 —
1998 3291 2074 3334 Ad

353 3368 441 3410 eius
468 3366 604 3421 filiurn
635 3365 821 3420 pertinet
851 3363 995 3406 titulus
1016 3378 1153 3419 prope
1181 3364 1387 3406 Elateam
1414 3376 1525 3419 rep..·
1563 3360 1889 3420 Μνασίβουλ[ον],
1918 3359 2070 3404 Μνασι-
