2202 3724
268 307 430 342 IVLIVS
1129 297 1209 339 190
1902 302 2067 338 IVLIVS
2128 311 2132 315 ·

352 437 592 480 Herelanus
622 435 845 488 Pompeius
874 434 1009 476 Falco
1040 437 1078 476 et
1104 434 1151 486 Q.
1174 433 1398 487 Pompeius
1427 432 1600 476 Senecio
1630 433 1677 476 Ο.
1697 434 1837 476 Iulius
1864 433 2069 488 Eurycles

352 505 641 548 Herculaneus
671 503 823 546 Sosius
853 502 1039 544 Priscus.
1100 500 1266 543 Nobilis
1296 502 1388 543 sine
1417 501 1547 543 dubio
1580 501 1840 558 Spartanus3
1868 501 2069 544 sacerdos

354 574 647 627 Augustorum
678 577 910 627 perpetuus
934 573 961 612 t.
983 573 1021 614 1.
1043 572 1086 620 2,
1118 569 1318 611 sacerdos
1339 569 1530 612 Castoris
1561 576 1603 612 et
1623 569 1811 612 Pollucis
1841 573 1870 612 t.
1891 573 1930 620 1,
1959 570 2072 611 vixit

353 640 617 696 temporibus
639 639 816 681 Traiani
837 641 864 680 t.
886 641 930 683 2.
969 637 1113 679 Filius
1132 637 1299 679 videtur
1325 636 1371 680 Ο.
1392 637 1502 679 Iulii
1518 638 1715 688 Laconis,
1743 650 1872 692 nepos
1897 637 1944 680 0.
1965 637 2073 680 Iulii

353 708 553 763 Euryclis
583 708 655 761 qui
674 706 896 761 praecedit
927 706 988 760 (Γ.
1011 700 1210 760 Ἰ[ο]υλιόυ
1243 705 1461 760 [Λάκω]νος
1491 706 1583 756 υἱός,
1606 705 1780 763 ἔκγον[ος
1809 705 2073 762 Εὐρυκ]λέους

355 781 382 819 t.
404 780 429 818 1
459 776 673 830 suppletus
694 790 721 817 a
740 775 1005 831 Foucartio).
1044 773 1111 828 Cf.
1132 777 1306 816 stemma
1328 774 1445 828 apud
1473 773 1581 817 Weil
1602 774 1749 816 Mitth.
1772 773 1810 818 d.
1834 773 1918 818 ath.
1941 774 2072 816 Insti-

355 848 437 887 tuts
459 848 485 886 6
506 859 552 899 p.
576 847 646 887 20.
670 869 721 872 -
746 842 959 895 Quaestor
988 857 1064 898 pro
1096 857 1160 898 pr.
1192 843 1441 898 provinciae
1461 841 1663 898 Achaiae,
1691 842 1891 885 tribunus
1920 841 2071 898 plebis,

356 919 538 969 praetor,
571 912 739 967 legatus
760 912 1009 967 provinciae
1031 911 1268 967 Hispaniae
1288 911 1504 965 Baeticae,
1528 909 1695 965 legatus
1716 910 1902 966 Augusti
1926 909 2074 966 [legio-

355 980 440 1036 nis]
472 981 538 1022 III
570 1013 579 1022 .
599 1014 606 1022 .
628 1013 636 1022 .
656 1013 665 1022 .
697 983 724 1023 t.
746 983 771 1021 1
802 977 912 1031 (cum
940 979 1236 1033 supplementis
1265 978 1504 1029 Foucartii,
1536 979 1609 1021 sed
1628 993 1767 1034 paene
1797 978 1949 1033 certis).

282 1075 340 1081 ——
384 1057 425 1100 Q.
448 1055 695 1091 POMPEIVS
728 1054 942 1090 SENECIO
974 1054 1179 1090 ROSGIVS
1211 1054 1425 1089 MVRENA
1455 1050 1528 1092 Cet.
1560 1054 1601 1090 C.
1623 1054 1789 1090 IVLIVS
1810 1053 2071 1090 EVRYCLES

354 1123 722 1159 HERCVLANEVS
755 1119 827 1159 cet.
861 1122 1026 1158 SOSIVS
1059 1122 1273 1160 PRISOVS.

283 1211 340 1217 -—
385 1193 428 1236 Q.
459 1192 666 1227 ROSCIVS
699 1191 908 1226 COELIVS
949 1191 1162 1226 MVRENA
1199 1191 1356 1226 SILIVS
1387 1190 1638 1226 DECIANVS
1669 1190 1933 1227 VIBVLLIVS
1964 1191 2073 1227 PIVS

355 1261 520 1296 IVLIVS
552 1260 812 1295 EVRYGLES
843 1259 1142 1294 HEROLANVS
1173 1259 1422 1295 POMPEIVS
1453 1259 1629 1297 FALCO.

284 1348 341 1352 ——
385 1322 522 1364 Iulius
553 1322 717 1364 Fabius
747 1336 782 1363 v.
813 1322 975 1364 Fabius
1000 1320 1150 1365 Iulius.

270 1393 353 1434 200
383 1398 428 1434 L.
460 1397 623 1432 IVLIVS
663 1396 1042 1432 FAVSTINIANVS.
1110 1390 1243 1432 Tituli
1282 1390 1474 1433 Moesiae
1512 1390 1733 1444 inferioris
1765 1390 2077 1433 Troesmitanus

356 1460 444 1502 III
466 1462 576 1501 6177
604 1460 660 1514 (1)
692 1461 731 1500 et
770 1458 860 1500 III
883 1458 928 1500 S.
952 1461 1058 1500 7485
1086 1456 1175 1515 (2),·
1214 1459 1404 1500 Larinas
1434 1461 1536 1512 post
1574 1461 1747 1501 mortem
1784 1459 1824 1500 ei
1862 1458 2077 1501 dedicatus

357 1528 438 1570 IX
456 1530 539 1570 729
571 1526 652 1581 (3);
682 1529 938 1568 memoratur
976 1526 1022 1567 in
1056 1526 1223 1568 urbano
1253 1525 1322 1568 VI
1342 1518 1456 1569 2003
1486 1525 1559 1580 (4).
1620 1525 1797 1568 Nummi
1826 1527 2078 1570 Marciano-

357 1596 568 1651 politam,
610 1595 690 1636 alii
725 1608 817 1636 cum
856 1595 992 1648 capite
1033 1594 1198 1645 Severi,
1242 1594 1439 1636 Mionnet
1466 1594 1501 1636 I
1527 1596 1620 1644 358,
1651 1597 1717 1646 31,
1758 1595 1815 1637 ib.
1846 1595 1982 1651 suppl.
2013 1595 2075 1638 II

359 1669 422 1715 74,
453 1666 676 1713 116—-75,
707 1665 815 1713 122,
858 1662 984 1704 catal.
1025 1676 1129 1704 mus.
1160 1662 1304 1705 Berol.
1337 1663 1371 1705 I
1395 1677 1443 1717 p.
1472 1666 1526 1705 56
1553 1677 1595 1705 n.
1626 1666 1726 1714 3-5,
1759 1663 1816 1706 al.
1826 1677 1840 1716 ;
1879 1664 1960 1707 alii
1985 1677 2077 1706 cum

358 1733 494 1787 capite
521 1731 792 1782 Caracallae,
837 1731 1034 1773 Mionnet
1061 1731 1198 1785 suppl.
1230 1731 1291 1773 II
1312 1733 1650 1782 80,153-82,
1683 1735 1774 1783 159,
1814 1732 1940 1775 catal.
1972 1745 2078 1776 mus.

357 1800 502 1844 Berol.
533 1814 581 1854 p.
610 1803 663 1842 59
692 1814 734 1841 n.
766 1802 829 1850 15,
862 1799 990 1850 alibi;
1025 1798 1220 1840 nonnulli
1257 1812 1349 1841 cum
1387 1800 1597 1853 capitibus
1627 1799 1774 1851 Severi
1801 1803 1842 1843 et
1870 1799 2077 1851 Domnae,

360 1869 555 1911 Mionnet
584 1868 718 1922 suppl.
739 1868 799 1909 II
813 1869 878 1917 78,
900 1870 1118 1910 137-139
1148 1882 1198 1909 ex
1229 1867 1429 1912 Vaillant.

443 1937 492 1980 L.
525 1935 662 1978 Iulius
692 1936 999 1978 Faustinianus
1030 1938 1058 1977 t.
1092 1939 1131 1978 1.
1167 1939 1207 1977 3.
1238 1939 1265 1978 4
1296 1933 1387 1988 (ubi
1415 1939 1542 1979 antea
1572 1936 1786 1991 leyebatur
1815 1936 1912 1992 [Τ]ἰ.
1942 1902 2078 1980 Iulius

360 2005 677 2059 Faustinianus,
711 2005 894 2046 correxit
923 2003 1185 2046 Kabitschelc
1217 2004 1274 2046 ad
1300 2007 1328 2046 t.
1349 2007 1410 2062 2),
1441 2004 1492 2049 L.
1513 2004 1625 2060 I[ul.]
1646 2005 2004 2048 Faustinianust.
2024 2008 2079 2057 2,·

358 2075 404 2116 in
433 2087 696 2116 nummorum
719 2075 847 2127 parte
878 2072 1030 2127 leyitur
1059 2072 1282 2127 ὑ(πατικοΰ)
1316 2073 1357 2116 Ἰ.
1389 2074 1686 2126 Φαυστινιανοῦ,
1716 2074 1763 2116 in
1793 2073 1892 2116 aliis
1919 2073 2079 2117 nudum

360 2155 595 2197 cognomen.
617 2166 669 2170 —
691 2140 964 2184 Clarissimae
993 2142 1225 2184 memoriae
1253 2142 1331 2196 vir,
1362 2141 1512 2184 consul
1543 2145 1572 2185 t.
1592 2145 1633 2187 3.
1684 2143 1875 2198 Legatus
1903 2157 1982 2199 pro
2011 2157 2077 2199 pr.

361 2211 550 2252 Moesiae
580 2210 796 2252 inferioris
827 2209 908 2252 sub
939 2209 1100 2253 Severo
1132 2213 1160 2252 t.
1192 2213 1243 2261 2,
1276 2210 1356 2253 sub
1389 2210 1549 2254 Severo
1581 2218 1623 2254 et
1653 2210 1878 2254 Caracalla
1904 2211 2076 2262 nummi,

360 2279 442 2320 sub
473 2279 633 2321 Severo
662 2277 886 2321 Caracalla
912 2279 1023 2323 Geta
1052 2282 1080 2321 t.
1100 2282 1126 2321 1
1157 2279 1212 2334 (si
1238 2282 1348 2322 recte
1378 2280 1506 2321 trium
1534 2293 1564 2335 g
1591 2280 1794 2334 reliquias
1824 2282 2080 2335 aqnoverunt

360 2347 519 2389 Renier
539 2350 578 2389 et
597 2346 866 2400 Desjardins,
888 2346 961 2389 secl
982 2361 1067 2389 non
1086 2347 1176 2389 sine
1200 2360 1331 2390 causa
1361 2347 1662 2391 dubitationem
1693 2348 1741 2391 de
1769 2347 1850 2390 hac
1878 2362 1924 2390 re
1953 2347 2080 2390 movit

360 2415 467 2457 Piclc
488 2415 655 2458 Wener
674 2415 1013 2457 numismatische
1033 2415 1236 2457 Zeitschr.
1256 2418 1315 2459 23
1335 2430 1384 2470 p.
1405 2415 1488 2470 37).
1526 2415 1761 2473 Cooptatus
1781 2417 1826 2458 in
1849 2415 2079 2471 collegium

362 2483 535 2539 aliquod
567 2482 831 2525 sacerdotale
863 2498 885 2525 e
915 2483 1149 2526 maioribus
1180 2490 1256 2526 aut
1287 2499 1324 2528 a.
1345 2485 1428 2527 212
1459 2491 1534 2527 aut
1563 2500 1601 2527 a.
1623 2486 1708 2528 220
1738 2487 1766 2528 t.
1795 2488 1836 2527 4.

276 2554 354 2594 201
388 2551 524 2593 Iulius
544 2552 800 2593 Faustinus:
833 2553 925 2594 eius
954 2566 1128 2593 carmen
1150 2552 1476 2594 acrostichum'
1464 2568 1509 2595 111
1529 2552 1679 2596 laudes
1700 2552 1925 2607 Hadriani,
1949 2552 2079 2609 serip-

362 2627 453 2662 tum
483 2621 685 2663 Petronio
715 2621 973 2663 Mamertino
1015 2620 1231 2677 praefecto
1260 2620 1452 2677 Aegypti
1489 2618 1533 2674 (i.
1563 2636 1596 2664 e.
1628 2621 1745 2664 circa
1774 2635 1814 2663 a.
1844 2623 1937 2689 134.
1967 2619 2077 2675 135),

358 2688 491 2745 lapidi
521 2690 704 2731 incisum
735 2688 875 2731 Talmi
906 2690 950 2730 in
978 2688 1179 2746 Aegypto
1209 2689 1299 2732 III
1314 2692 1378 2731 77.

275 2758 357 2799 202
389 2763 451 2800 TI.
492 2763 656 2799 IVLIVS
697 2763 879 2799 FEROX.
947 2756 1075 2811 Gippi
1104 2758 1238 2814 positi
1277 2757 1329 2799 ab
1360 2758 1452 2811 ipso
1492 2771 1586 2800 cum
1627 2759 1729 2799 esset
1768 2759 1940 2800 curator
1970 2755 2081 2800 alvei

363 2825 525 2867 Tiberis
545 2825 613 2867 VI
626 2825 777 2868 123901
761 2825 841 2858 a—h)
862 2825 999 2880 (a—h),
1021 2825 1139 2867 Bull.
1154 2825 1379 2879 {comunale
1397 2827 1506 2867 1884
1515 2839 1564 2879 p.
1580 2828 1633 2867 41
1658 2825 1721 2880 (i),
1744 2827 1858 2867 1887
1865 2839 1913 2880 p.
1925 2827 1980 2868 16
1999 2823 2077 2880 (lc),

360 2883 530 2935 Notieie
570 2893 680 2935 1890
711 2907 759 2947 p.
780 2895 866 2935 187
893 2892 974 2948 (l),·
1010 2892 1162 2935 similis
1201 2893 1348 2947 cippus
1385 2893 1603 2935 restitutus
1642 2893 1695 2935 ab
1725 2892 1944 2936 Antonino
1982 2892 2076 2944 Pio,

363 2960 531 3003 Notieie
569 2963 679 3003 1890
709 2975 758 3015 p.
788 2963 869 3004 355
896 2981 952 2995 =
981 2960 1098 3003 Bull.
1139 2960 1354 3003 comunale
1389 2963 1499 3003 1890
1527 2975 1577 3015 p.
1608 2963 1698 3004 327
1725 2961 1812 3018 (m).
1879 2960 2079 3003 Nummi:

362 3029 791 3079 Hierocaesarienses,
816 3029 1013 3071 Mionnet
1030 3032 1069 3079 4,
1091 3031 1158 3079 48,
1179 3031 1276 3072 251.
1299 3031 1398 3080 252,
1424 3028 1470 3072 S.
1488 3032 1525 3079 7,
1546 3031 1638 3083 354,
1659 3031 1765 3080 168,·
1795 3028 2080 3083 Waddinyton

362 3097 493 3150 fastes
521 3111 562 3139 n.
593 3099 694 3140 122.
753 3096 820 3140 Τί.
851 3095 986 3139 Iulius
1023 3097 1168 3139 Ferox
1198 3097 1313 3151 cippi
1341 3096 1554 3151 plerique,
1595 3095 1732 3139 Iulius
1768 3096 1913 3139 Ferox
1942 3096 2078 3148 Ptin„

362 3165 506 3206 Ferox
534 3165 707 3207 nummi.
766 3164 820 3207 A.
853 3165 908 3207 99
949 3164 1099 3207 consul
1129 3164 1378 3219 designatus
1413 3165 1459 3207 in
1499 3171 1651 3207 senatu
1689 3165 1945 3207 sententiam
1974 3164 2079 3208 dicit

363 3233 483 3275 Plin.
515 3248 577 3287 ep.
607 3236 649 3284 2,
681 3237 746 3284 11,
778 3237 828 3285 5,·
870 3233 1019 3275 consul
1059 3233 1262 3276 suffectus
1302 3239 1350 3275 ut
1389 3233 1562 3276 videtur
1601 3233 1750 3275 eodem
1789 3247 1902 3275 anno
1931 3232 1987 3276 99
2022 3233 2078 3287 cf.

364 3300 599 3343 Mommsen
625 3301 773 3344 Herm.
794 3304 822 3343 3
843 3316 890 3356 p.
914 3304 971 3345 92
997 3304 1083 3344 not.
1106 3304 1144 3344 1.
1206 3301 1391 3344 Ourator
1429 3301 1541 3344 alvei
1575 3301 1747 3344 Tiberis
1781 3316 1820 3344 a.
1855 3302 1934 3345 101
1966 3302 2082 3356 cippi

364 3370 458 3422 a-f,
480 3370 509 3411 i.
530 3384 582 3420 m,
615 3385 652 3414 a.
688 3370 767 3412 103
799 3370 914 3424 cippi
936 3384 977 3424 9.
1006 3369 1046 3412 h.
1106 3370 1329 3412 Exercitui
1359 3370 1547 3426 praefuit
1576 3375 1676 3412 ante
1707 3384 1745 3414 a.
1776 3383 1812 3411 c.
1846 3370 1927 3412 112
1955 3368 2077 3412 Plin.
