2202 3724
128 283 324 320 LACHES
996 278 1079 321 259
1652 286 1936 323 LAECANIVS

131 416 204 458 10·
229 413 420 457 Laches:
460 416 522 457 ita
558 421 724 458 mutato
765 417 939 458 nomine
968 414 1054 457 dici
1083 414 1223 458 voluit
1252 415 1438 472 Cerylus
1467 417 1726 474 Vespasiani
1757 416 1938 459 libertus

214 482 331 526 Suet.
363 482 481 537 Vesp.
505 486 574 527 23.

130 552 179 594 11
214 552 329 594 Laco
346 584 355 602 ,
397 566 421 593 c
451 552 713 607 primoribus
743 551 1017 595 Achaeorum
1045 567 1073 595 a
1102 551 1278 595 Tiberio
1315 553 1537 607 adflictus3
1578 560 1701 611 pater
1729 553 1935 610 Argolici,

213 634 336 662 socer
365 620 597 676 Pompeiae
626 621 849 664 Macrinae
873 621 972 665 Tac.
999 636 1039 664 a.
1066 625 1106 672 6,
1124 623 1190 664 18.
1252 621 1426 664 Videtur
1455 635 1541 665 esse
1571 621 1620 667 C.
1651 621 1791 666 Iulius
1821 622 1937 664 Laco

214 688 364 742 (supra
393 689 428 731 I
449 688 565 742 250).

129 780 185 786 -
215 755 442 799 Cornelius
472 757 603 802 Laco.

130 850 182 856 —
215 824 264 867 P.
296 825 554 868 Graecinius
583 825 714 869 Laco.

127 917 185 922 —
214 892 265 935 C.
296 893 435 936 Iulius
465 894 595 936 Laco.

131 962 184 1004 12
215 961 366 1004 Ladon
398 968 531 1006 nauta
560 962 793 1005 Tiberinus
825 963 1026 1007 Martial.
1058 967 1123 1015 10,
1152 967 1218 1007 85.
1273 964 1498 1019 (Fortasse
1525 980 1674 1008 nomen
1704 967 1850 1020 fictum
1877 966 1942 1007 vel

216 1044 302 1084 pro
332 1033 382 1072 ut
410 1031 535 1073 libuit
555 1031 773 1086 positum).

133 1099 187 1140 13
216 1098 518 1141 Laecanianus
548 1099 757 1152 (traditur
784 1100 1077 1142 Laetanianus
1107 1100 1171 1142 vel
1200 1101 1524 1155 Lactanianus),
1554 1102 1862 1155 grammaticus
1893 1109 1941 1144 ut

212 1166 399 1222 videtur,
430 1167 487 1210 ad
517 1169 642 1210 cuius
671 1167 918 1224 exemplum
947 1168 1195 1210 emendavit
1225 1168 1422 1211 Statilius
1450 1168 1668 1212 Maximus
1700 1172 1939 1212 orationem

214 1234 436 1277 Ciceronis
473 1242 624 1278 contra
662 1235 803 1290 legem
832 1237 1050 1290 agrariam
1080 1237 1241 1279 codices
1267 1236 1548 1287 Ciceroniani,
1580 1237 1703 1280 Jahn
1732 1238 1833 1281 Ber.
1866 1238 1940 1280 der

211 1303 346 1346 sachs.
385 1303 482 1347 Ges.
523 1304 563 1347 d.
604 1304 669 1348 W.
710 1307 817 1348 1851
849 1320 899 1359 p.
929 1308 1028 1356 329,
1068 1305 1292 1360 Kiessliny
1331 1306 1560 1350 coniectan.
1598 1307 1633 1349 I
1669 1306 1772 1362 (ind.
1813 1306 1939 1349 schol.

215 1372 529 1428 Gryphiswald.
559 1375 686 1429 1883)
707 1388 757 1427 p.
778 1376 817 1416 6.

131 1442 183 1484 14
212 1441 478 1497 Laecanius,
523 1457 550 1484 a
592 1441 811 1484 nonnullis
847 1441 1099 1485 auctoribus
1139 1441 1282 1484 dictus
1322 1441 1491 1486 Galbae
1528 1443 1780 1486 interfector
1818 1442 1940 1485 Plut.

213 1508 342 1552 Galb.
363 1513 425 1553 27
432 1524 446 1561 ;
481 1508 578 1552 Tac.
601 1509 642 1552 h.
666 1514 705 1561 1,
726 1514 792 1554 41.

129 1578 181 1620 15
213 1584 254 1620 C.
276 1584 560 1621 LAEGANIVS
591 1585 775 1622 BASSVS
807 1580 885 1631 (sic
907 1579 967 1622 II
981 1579 1028 1623 S.
1049 1582 1176 1631 5792,
1209 1579 1258 1623 C.
1280 1581 1520 1624 Laecanius
1539 1581 1647 1634 fasti
1666 1581 1796 1634 fratr.
1816 1580 1939 1636 Arv.)

211 1652 386 1703 praetor
415 1647 607 1690 urbanus
639 1663 677 1689 a.
700 1648 755 1690 32
784 1648 892 1701 fasti
919 1648 1048 1701 fratr.
1070 1647 1174 1690 Arv.
1227 1647 1391 1691 Consul
1422 1649 1628 1691 suffectus
1659 1664 1807 1690 mense
1836 1649 1939 1692 Mai.

213 1730 253 1758 a.
282 1716 338 1758 40
368 1730 468 1758 cum
497 1715 551 1769 Q.
573 1716 777 1758 Terentio
809 1715 1016 1759 Culleone
1037 1717 1098 1759 II
1118 1717 1166 1760 S.
1191 1719 1307 1760 5792
1336 1717 1392 1771 cf.
1413 1718 1522 1771 fasti
1548 1719 1699 1772 feriar.
1719 1718 1818 1760 Lat.
1851 1718 1943 1772 (ubi

212 1784 394 1839 collegae
423 1787 588 1827 tantum
615 1799 766 1827 nomen
795 1788 1006 1827 servatum
1036 1787 1126 1842 est).

129 1854 183 1896 16
213 1859 254 1895 C.
276 1859 560 1895 LAEGANIVS
581 1859 764 1895 BASSVS
786 1852 866 1908 (sic
892 1853 1040 1904 V698‚
1061 1855 1162 1896 item
1181 1855 1228 1897 in
1245 1855 1453 1898 mentione
1475 1854 1717 1898 consulatus
1743 1856 1812 1899 VI
1821 1859 1942 1900 2002

213 1924 253 1963 et
291 1921 394 1975 dipl.
427 1921 516 1964 mil.
547 1922 654 1964 anni
680 1925 754 1972 64,
797 1921 846 1965 C.
880 1922 1123 1965 Laecanius
1158 1923 1257 1966 Tac.
1290 1938 1331 1966 a.
1362 1927 1427 1974 15,
1458 1927 1535 1974 33,
1569 1927 1800 1978 praeterea
1832 1924 1940 1966 Lae-

212 1990 362 2032 canius
382 1990 544 2032 Bassus
563 1989 627 2032 vel
647 1990 841 2044 Bassus).
886 1990 1102 2033 Incertum
1130 2005 1231 2033 num
1260 1991 1371 2034 idem
1400 1991 1451 2035 C.
1472 1991 1746 2047 L[a]ecanius
1778 1992 1939 2034 Bassus

212 2057 262 2102 C.
291 2057 320 2100 f.
348 2057 465 2101 tribu
486 2057 583 2101 Vel.
609 2057 679 2101 VI
689 2061 830 2101 21010
849 2058 1015 2114 (titulus
1035 2059 1204 2113 positus
1234 2074 1263 2101 a
1293 2059 1337 2102 G.
1364 2061 1580 2103 Laecanio
1609 2060 1749 2103 Basso
1783 2060 1939 2102 Paccio

213 2126 450 2181 Paeziqno).
479 2151 538 2157 —
566 2125 730 2170 Consul
761 2127 1007 2170 ordinarius
1037 2143 1075 2170 a.
1107 2128 1164 2171 64
1193 2143 1293 2170 cum
1322 2128 1382 2171 M.
1413 2129 1584 2172 Licinio
1616 2127 1773 2172 Crasso
1803 2130 1939 2183 Frugi

210 2195 330 2249 fasti.
400 2194 507 2238 Obit
546 2195 629 2238 sub
664 2195 956 2251 Vespasiano,
996 2195 1141 2238 Plinio
1181 2196 1394 2239 condente
1433 2196 1658 2240 historiam
1698 2196 1939 2239 naturalem

211 2263 330 2306 Plin.
342 2263 382 2306 h.
393 2278 436 2306 n.
446 2266 516 2314 26,
529 2266 556 2307 5
576 2265 631 2317 cf.
646 2267 713 2314 36,
725 2267 824 2307 203.
836 2289 894 2294 -
908 2264 1095 2306 Praedia
1115 2264 1246 2308 habet
1266 2267 1310 2308 in
1330 2279 1436 2320 agro
1451 2266 1706 2320 Tergestino
1729 2265 1871 2308 V698.
1885 2290 1936 2295 —

212 2332 297 2375 Hic
325 2335 374 2374 ut
401 2331 566 2374 videtur
596 2332 838 2374 Laecanius
867 2333 1009 2387 (Λικιν-
1044 2333 1179 2388 vulqo,
1220 2333 1295 2376 sed
1322 2349 1373 2376 ex
1402 2334 1617 2376 codicibus
1646 2337 1755 2376 certe
1786 2333 1938 2376 Vindo-

213 2400 406 2442 bonensis
425 2401 580 2455 Λικαν-)
607 2400 781 2455 Bassus,
814 2403 835 2443 ὁ
865 2403 1082 2459 κράτιστος,
1112 2403 1275 2444 amicus
1300 2402 1371 2444 vel
1400 2402 1545 2444 fautor
1569 2403 1638 2445 cui
1660 2401 1938 2444 Dioscorides

213 2469 435 2525 inscripsit
463 2468 597 2511 libros
627 2468 682 2511 de
709 2470 890 2511 materia
919 2469 1086 2512 medica
1105 2470 1379 2513 Dioscorides
1409 2471 1458 2513 de
1487 2474 1588 2513 mat.
1619 2470 1726 2513 med.
1746 2471 1780 2514 I
1791 2471 1936 2525 praef.

211 2536 332 2592 (med.
362 2535 523 2580 Graeci
549 2536 613 2579 ed.
642 2537 799 2580 Kuehn
827 2537 972 2580 XXV
984 2553 1032 2593 p.
1053 2541 1110 2593 4).
1129 2563 1188 2568 —
1216 2538 1422 2581 Eiusdem
1451 2539 1633 2592 fortasse
1662 2538 1711 2582 C.
1735 2539 1837 2581 Lae.
1859 2540 1935 2581 Ba.

208 2606 272 2648 vel
317 2605 365 2648 C.
411 2605 541 2650 Laec.
587 2606 712 2648 Bassi
756 2608 867 2648 servi
908 2607 1181 2662 siynaverunt
1225 2607 1454 2662 amlioras
1496 2611 1688 2662 repertas
1742 2607 1938 2650 Vercellis

204 2672 274 2726 (V
293 2676 420 2725 8112,
450 2674 615 2728 52-54)
645 2677 686 2717 et
713 2675 761 2717 in
790 2675 952 2718 Norico
983 2675 1090 2727 (III
1110 2679 1233 2726 6007,
1253 2679 1310 2731 5).
1371 2677 1480 2719 Item
1503 2677 1746 2731 siqnificari
1772 2677 1938 2719 videtur

209 2756 302 2784 cum
330 2742 423 2797 filio
451 2743 515 2785 vel
543 2744 683 2797 fratre
720 2744 768 2786 in
804 2744 926 2786 titulo
957 2744 1131 2786 Polensi
1170 2744 1212 2786 V
1230 2747 1345 2787 8142
1381 2744 1427 2787 0.
1460 2745 1670 2787 Laecanii
1701 2745 1938 2787 Menandri

208 2811 373 2853 accensi
393 2814 676 2865 patronorum
705 2810 851 2864 (etiam
880 2813 926 2855 in
956 2812 1057 2855 aliis
1087 2813 1224 2855 titulis
1244 2813 1442 2856 Histriae
1462 2814 1774 2855 Laecaniorum
1795 2813 1938 2855 liberti

205 2879 507 2934 reperiuntur).

127 2946 175 2989 17
207 2953 248 2989 c,
279 2953 564 2990 LAEGANIVS
604 2954 786 2991 BASSVS
828 2954 1049 2991 CAECINA
1087 2955 1331 3004 FLAccvs‚
1374 2949 1424 2994 C.
1463 2949 1512 3003 f.,
1556 2949 1672 2991 tribu
1708 2948 1932 3003 Sabatina,

207 3015 410 3058 triumvir
439 3030 539 3058 aere
569 3022 749 3071 argento
778 3032 883 3059 auro
913 3016 1058 3060 flando
1089 3018 1300 3073 feriundo,
1333 3019 1448 3060 vixit
1476 3018 1601 3059 annis
1622 3017 1759 3060 XIIX
1789 3018 1935 3059 titulus

205 3082 436 3126 Brundisii
463 3084 696 3139 descriptus
724 3085 805 3128 IX
829 3089 899 3128 39.

124 3151 174 3193 18
206 3150 255 3194 C.
287 3151 560 3207 L[a]ecanius
589 3153 751 3196 Bassus
778 3154 963 3197 Paccius
984 3154 1218 3210 Paelignus
1248 3156 1416 3198 titulum
1438 3155 1586 3208 pos-uit
1606 3152 1650 3197 C.
1673 3153 1930 3209 L[a]ecanio

207 3218 252 3262 Ο.
282 3220 315 3274 f.
347 3220 432 3263 Vel.
462 3220 603 3264 Basso
635 3221 703 3264 VI
724 3225 877 3265 21010.

124 3288 177 3331 19
205 3288 446 3331 Laecanius
467 3289 783 3333 Novatillianus
804 3291 979 3345 (Laecc·
1000 3294 1039 3334 et
1057 3291 1248 3335 Novatil-
1271 3292 1318 3334 in
1343 3291 1464 3334 titulo
1484 3292 1744 3346 neyleyenter
1763 3290 1929 3344 inciso),

203 3356 317 3400 filius
348 3358 441 3401 eius
470 3359 547 3416 qui
576 3360 772 3416 sequitur
803 3359 871 3403 VI
890 3364 1016 3405 1621.

1590 3426 1658 3461 17*
