2190 3724
291 280 478 315 FLAVIA
1169 270 1224 311 82
1916 277 2103 313 FLAVIA

379 409 515 463 (95s6)
567 414 743 465 propter
782 407 944 450 Christi
995 407 1284 448 testimonium
1337 407 1381 447 in
1433 404 1619 447 insulam
1668 406 1867 449 Pontiam
1915 406 2105 462 relegata

375 478 534 521 Euseb.
567 477 593 520 l.
626 491 658 520 e.
719 475 912 517 Exilium
952 474 1130 516 Flaviae
1165 473 1416 516 Domitillae
1455 475 1499 515 in
1540 473 1681 516 insula
1710 474 1867 517 Pontia
1895 482 2105 518 memorat

378 547 505 587 etiam
535 545 820 598 Hieronymus
856 558 917 597 ep.
940 545 1034 592 108,
1069 545 1096 584 7
1123 543 1174 598 (Ι
1186 557 1235 596 p.
1257 545 1337 584 689
1363 541 1502 595 Vall).
1567 541 1820 584 Domitillae
1851 549 2104 599 procurator

379 613 622 669 Stephanus
655 612 699 652 in
728 611 1028 653 Domitianum
1055 611 1299 652 coniuravit
1320 610 1435 654 Suet.
1457 610 1582 654 Dom.
1604 613 1670 654 17.
1712 610 1856 653 Huius
1875 614 1923 653 ut
1941 611 2105 654 videtur

376 681 625 723 Domitillae
653 693 795 722 servus
826 678 952 721 Felix
974 678 1173 720 Flaviaes
1195 678 1388 721 Domitil.
1410 678 1519 721 later
1547 679 1737 720 urbanus
1756 679 1804 721 Χ
1813 679 1985 722 V1139.
2036 681 2106 722 Ex

378 748 647 803 indulgentia
668 748 844 790 Flaviae
864 746 1124 801 Domitillae,
1149 746 1311 789 scilicet
1341 747 1386 788 in
1415 747 1605 804 praediis
1630 748 1734 801 eius,
1758 746 2002 804 sepulcrum
2023 748 2104 791 sibi

377 824 420 859 et
440 819 529 859 suis
551 817 651 858 fecit
672 817 721 858 P.
746 815 961 859 Calvisius
983 815 1176 857 Philotas
1204 815 1272 858 VI
1284 819 1422 859 16246
1453 816 1599 858 titulus
1628 819 1818 870 repertus
1849 831 1988 871 prope
2016 817 2103 860 Ro-

374 900 488 927 mam
510 885 567 927 acl
585 885 698 926 viam
709 884 994 926 Ardeatinam
1014 884 1058 925 in
1078 884 1211 937 fundo
1228 884 1337 926 (licto
1358 884 1442 926 Tor
1459 884 1705 934 Maraneia,
1723 884 1832 926 unde
1852 885 2107 927 coemeteriis

376 953 707 995 christianorum
737 967 783 995 eo
814 953 902 994 loeo
922 953 1016 994 sitis
1036 951 1287 994 Domitillae
1307 966 1455 994 nomen
1476 953 1607 1006 fuisse
1628 955 1800 1007 putant,
1832 953 1885 1007 ef.
1908 953 1957 995 de
1977 953 2108 995 Rossi

376 1022 517 1064 Roma
535 1025 629 1065 sott.
652 1021 686 1063 I
701 1036 748 1075 p.
769 1024 867 1064 267.
908 1020 1037 1062 Falsi
1055 1023 1152 1062 sunt
1173 1020 1288 1062 tituli
1307 1020 1577 1062 Domitillam
1596 1024 1871 1063 memorantes
1891 1021 1971 1064 IX
1987 1022 2105 1065 412*

377 1093 417 1131 et
443 1091 561 1132 412*
592 1089 689 1133 adel.
720 1090 785 1144 (p,
806 1088 915 1143 49*).
953 1114 1010 1119 —
1039 1088 1189 1130 Aliam
1218 1088 1508 1139 Domitillam,
1540 1089 1767 1143 viryinem,
1798 1089 1919 1132 modo
1944 1088 2116 1144 neptem*

374 1157 626 1208 Domitiani,
654 1157 775 1200 modo
794 1160 957 1211 neptem
981 1157 1217 1199 Plautillae
1237 1157 1395 1199 sororis
1418 1156 1646 1199 Clementis
1667 1157 1834 1207 dietam,
1863 1158 1908 1199 in
1929 1157 2106 1200 Pontia-

374 1241 475 1268 nam
504 1226 688 1268 insulam
726 1226 978 1280 releyatam,
1022 1225 1168 1268 deinde
1204 1226 1488 1267 Tarracinam
1517 1225 1769 1280 perduetam
1807 1226 1946 1279 ibique
1974 1228 2106 1268 morte

378 1295 590 1349 adfectam
629 1297 837 1336 narratur
876 1295 923 1336 in
963 1295 1070 1336 aetis
1107 1297 1351 1336 sanctorum
1391 1294 1524 1336 Nerei
1551 1293 1735 1336 Achillis
1775 1297 1814 1336 et
1842 1293 2104 1344 Domitillae,

376 1366 456 1407 aet.
478 1366 609 1405 sanet.
634 1362 747 1404 Mai.
770 1365 798 1406 t.
818 1366 846 1404 3
867 1377 914 1416 p.
937 1365 1073 1413 6-13;
1102 1362 1252 1404 horum
1277 1365 1467 1404 aetorum
1485 1363 1780 1405 narrationem
1800 1362 1910 1405 tueri
1929 1365 2107 1405 conatur

375 1431 554 1473 Rossius
587 1431 687 1473 bull.
719 1431 833 1474 erist.
854 1434 962 1473 1865
984 1445 1031 1484 p.
1053 1434 1124 1474 20.

309 1525 360 1529 —
406 1506 563 1541 AELIA
593 1506 780 1540 FLAVIA
810 1505 1081 1543 DRVSIANA.

291 1570 374 1611 280
406 1575 591 1610 FLAVIA
612 1574 956 1609 FLAVIANILLA
977 1566 1216 1609 clarissima
1236 1566 1391 1623 puella,
1419 1567 1508 1610 filia
1527 1568 1692 1610 Raniae
1712 1567 1892 1610 Flaviae
1911 1566 2107 1610 Iulianae

378 1636 564 1692 Optatae
586 1640 613 1678 t.
642 1635 1007 1691 Carthaginiensis
1039 1636 1162 1679 VIII
1176 1636 1222 1679 S.
1237 1639 1387 1679 12545.
1443 1635 1510 1690 Cf.
1538 1639 1713 1678 stemma
1733 1637 2002 1691 propositum
2029 1637 2106 1679 sub

379 1705 546 1747 Flavia
574 1705 747 1758 Optata.

306 1798 357 1802 —
404 1780 544 1814 IVLIA
574 1780 761 1814 FLAVIA
791 1779 1057 1814 HERENNIA
1089 1779 1325 1814 CAECILIA
1354 1779 1720 1815 HONORATIANA
1751 1779 1957 1817 OPTATA.

291 1842 371 1884 281
407 1842 628 1896 (FLAVIA)
651 1848 789 1883 IVLIA
811 1841 1086 1895 (qentilieium
1108 1855 1315 1895 nusquam
1330 1842 1533 1895 poncium·
1549 1841 1710 1884 Iuliam
1727 1841 1937 1884 Sabinam
1953 1842 2109 1884 dietam

376 1910 507 1963 fuisse
535 1909 633 1951 olim
662 1909 785 1951 multi
804 1909 1070 1952 erediderunt
1090 1909 1252 1952 inducti
1271 1910 1425 1963 fraude
1443 1899 1615 1959 Gonia,
1639 1910 1692 1962 ef.
1713 1909 1875 1951 Eckhel
1895 1913 1920 1952 6
1933 1925 1980 1964 p.
1996 1913 2107 1967 365),

379 1977 428 2021 T.
444 1977 586 2019 Flavii
602 1978 860 2034 Vespasiani
881 1978 1060 2020 iunioris
1083 1984 1125 2020 et
1144 1978 1334 2020 Marciae
1354 1977 1579 2020 Furnillae
1599 1977 1688 2019 filia
1704 1977 1820 2021 Suet.
1843 1979 1925 2022 Tit.
1946 1982 1985 2029 4,
2007 1985 2110 2021 nata

379 2060 428 2087 eo
450 2046 520 2088 die
542 2061 624 2102 quo
648 2052 797 2102 postea
817 2047 943 2088 Titus
965 2045 1270 2102 Hierosolyma
1298 2047 1413 2102 cepit
1432 2046 1548 2090 Suet.
1570 2049 1596 2088 5
1617 2046 1901 2101 (siqnifioatur
1928 2048 2109 2101 fortasse

380 2114 467 2156 (lies
496 2118 549 2156 11
578 2114 705 2169 Auq„
738 2115 792 2168 ef.
823 2115 900 2157 sub
921 2114 1081 2168 patre),
1114 2129 1226 2156 anno
1258 2115 1436 2156 incerto.
1498 2114 1777 2156 Domitianus
1807 2116 1980 2170 nuptias
2010 2130 2109 2158 cum

381 2197 429 2224 eo
470 2182 612 2225 facere
655 2189 825 2225 recusat
856 2182 971 2227 Suet.
1003 2182 1129 2226 Dom.
1151 2186 1236 2233 22,
1279 2188 1457 2238 nuptam
1500 2183 1550 2224 T.
1582 2181 1734 2225 Flavio
1768 2183 1927 2226 Sabino
1959 2182 2109 2226 Philo-

379 2254 540 2293 stratus
569 2252 639 2294 vit.
662 2251 804 2305 Apoll.
829 2254 866 2301 7,
890 2254 927 2301 7,
961 2250 1073 2293 ultro
1105 2252 1343 2306 corrumpit
1373 2250 1488 2294 Suet.
1522 2250 1547 2294 l.
1580 2265 1613 2295 o.
1636 2275 1690 2280 —
1720 2250 1919 2306 Augusta
1951 2253 2113 2294 nummi

381 2320 471 2361 eusi
507 2320 583 2361 sub
621 2319 716 2361 Tito
746 2319 878 2374 (clieta
916 2320 1049 2374 iyitur
1087 2320 1151 2361 ita
1181 2333 1210 2361 a
1235 2318 1380 2374 patre)
1412 2322 1451 2361 et
1478 2318 1752 2370 Domitiano,
1794 2334 1862 2374 ap,
1894 2320 2055 2362 Eekhel
2083 2323 2110 2362 6

381 2403 429 2442 p.
460 2387 605 2438 365l6,·
646 2391 725 2431 aet.
756 2387 861 2431 Arv.
894 2391 922 2429 3
950 2388 1048 2431 Ian.
1079 2390 1132 2429 81
1164 2391 1188 2430 1
1227 2388 1315 2431 Oet.
1347 2390 1423 2437 81,
1464 2388 1563 2429 item
1604 2402 1643 2429 a.
1674 2390 1732 2429 87
1739 2401 1752 2438 ;
1792 2388 1908 2430 tituli
1940 2388 1982 2430 V
2001 2391 2110 2430 4313

381 2456 461 2498 ΙΧ
484 2458 598 2498 2588
628 2457 681 2510 ef.
713 2456 761 2498 X
786 2459 910 2500 1632.
961 2456 1129 2499 Orbata
1165 2462 1287 2512 patre
1328 2462 1370 2497 et
1408 2456 1502 2497 viro
1542 2455 1685 2511 palam
1724 2455 1880 2498 dilecta
1907 2471 1933 2499 a
1961 2457 2108 2498 Domi·
2188 2480 2190 2485 ι

382 2525 498 2566 tiano
525 2523 639 2566 Suet.
661 2524 821 2568 Domit.
843 2528 906 2567 22
927 2525 1085 2575 (occiso
1109 2524 1271 2566 Sabino
1302 2524 1475 2580 nuptias
1507 2538 1604 2566 cum
1635 2538 1685 2565 ea
1714 2523 1817 2566 facit
1835 2524 2109 2567 Domitianus

383 2592 672 2634 Philostratus
704 2592 730 2636 l.
754 2606 811 2643 e.;
839 2593 965 2636 sekol.
990 2592 1179 2636 Iuvenal.
1201 2596 1244 2643 2,
1266 2592 1369 2646 29),·
1397 2591 1511 2633 idem
1541 2607 1672 2634 causa
1701 2593 1851 2634 mortis
1883 2593 1922 2634 ei
1953 2593 2108 2647 extitit,

383 2666 556 2702 coactae
592 2667 845 2716 conceptum
885 2676 911 2702 a
950 2675 995 2702 se
1034 2660 1211 2715 abigere
1250 2660 1365 2703 Suet.
1408 2659 1433 2703 l.
1466 2673 1524 2711 e.,·
1564 2660 1686 2702 Plin.
1719 2674 1780 2714 ep.
1806 2664 1845 2710 4,
1877 2663 1942 2711 11,
1974 2664 2023 2712 6,·
2053 2661 2108 2715 cf.

383 2728 571 2771 Iuvenal.
593 2731 636 2778 2,
662 2731 732 2771 32.
770 2753 820 2759 -
849 2728 968 2769 Diva
996 2728 1108 2770 Iulia
1136 2728 1338 2783 Augusta
1364 2728 1525 2770 nummi
1552 2728 1642 2770 cusi
1665 2729 1832 2782 partim
1860 2727 2110 2771 Domitiano

385 2796 550 2838 consule
580 2796 781 2838 decimum
810 2797 998 2850 quintum
1025 2796 1072 2839 iel
1110 2800 1170 2839 est
1209 2811 1248 2841 a.
1281 2799 1335 2839 90
1363 2796 1426 2838 vel
1455 2799 1531 2846 91,
1567 2797 1730 2852 partim
1769 2796 1908 2839 eodem
1947 2797 2112 2839 consule

386 2864 589 2906 decimum
626 2868 785 2906 sextum
823 2864 871 2906 id
908 2868 968 2906 est
1008 2879 1046 2907 a.
1079 2869 1138 2908 92
1172 2865 1235 2907 vel
1273 2868 1326 2907 93
1354 2864 1417 2906 vel
1446 2867 1522 2916 94;
1561 2867 1729 2906 mortua
1767 2865 1898 2919 iyitur
1937 2868 1976 2907 et
2015 2879 2110 2908 eon-

384 2935 552 2974 secrata
591 2935 686 2974 ante
723 2933 848 2987 finem
892 2933 997 2975 anni
1034 2937 1088 2976 91
1099 2947 1112 2985 ,·
1155 2934 1209 2987 ef.
1252 2932 1478 2975 Martialis
1507 2935 1556 2983 6,
1586 2936 1635 2982 3,
1667 2936 1693 2974 6
1703 2946 1715 2983 ;
1745 2936 1783 2982 6,
1815 2936 1868 2974 13
1879 2946 1892 2983 ;
1931 2936 1969 2983 9,
2000 2936 2038 2983 1,
2070 2937 2108 2977 7.

390 3000 563 3044 Sacerd.
594 3001 845 3056 flam(inica)
877 3001 1003 3043 divae
1033 3001 1170 3044 Iuliae
1199 3002 1304 3044 Piae
1335 3000 1560 3055 Augustae
1588 3000 1669 3043 IX
1693 3003 1811 3044 1153.

318 3094 368 3099 ——
415 3075 637 3110 AVRELIA
667 3075 855 3111 FLAVIA
885 3076 1108 3114 IVLIANA.

302 3138 385 3180 282
415 3136 639 3191 FL(AVIA)
670 3144 904 3191 MAMILIA,
935 3139 1060 3192 virgo
1092 3136 1280 3180 Vestalis
1310 3137 1500 3178 maxima
1530 3152 1566 3179 a.
1600 3137 1683 3179 242
1715 3136 1783 3179 VI
1795 3140 1918 3181 2133.

303 3205 386 3248 283
416 3204 638 3258 FL(AVIA)
669 3211 894 3247 NERATIA
926 3206 1198 3260 SEPTIM(IA)
1231 3211 1534 3259 OCTAVILLA,
1568 3204 1805 3247 clarissima
1833 3204 1978 3260 puella
2007 3205 2110 3260 (pro

391 3271 498 3316 C·<1
530 3273 715 3314 traditur
745 3272 823 3325 OQ
852 3273 915 3314 vel
945 3273 1030 3327 CF,
1069 3274 1250 3316 correxit
1281 3272 1482 3327 Henzen),
1523 3272 1612 3316 filia
1651 3273 1703 3316 L.
1740 3271 1881 3315 Flavii
1913 3273 2109 3331 Septimii

389 3340 498 3397 Apri
530 3339 759 3383 Octaviani
793 3340 859 3382 VI
878 3344 996 3386 1415.
