<?xml version="1.0" encoding="UTF-8"?>
<!DOCTYPE html PUBLIC "-//W3C//DTD XHTML 1.0 Transitional//EN"
    "http://www.w3.org/TR/xhtml1/DTD/xhtml1-transitional.dtd">
<html xmlns="http://www.w3.org/1999/xhtml" xml:lang="en" lang="en">
 <head>
  <title>
</title>
<meta http-equiv="Content-Type" content="text/html;charset=utf-8" />
  <meta name='ocr-system' content='tesseract 3.04.00' />
  <meta name='ocr-capabilities' content='ocr_page ocr_carea ocr_par ocr_line ocrx_word'/>
</head>
<body>
  <div class='ocr_page' id='page_1' title='image "./prosopographiaim02akaduoft_0263.png"; bbox 0 0 2202 3724; ppageno 0'>
   <div class='ocr_carea' id='block_1_1' title="bbox 130 279 1939 342">
    <p class='ocr_par' dir='ltr' id='par_1_1' title="bbox 130 279 1939 342">
     <span class='ocr_line' id='line_1_1' title="bbox 130 279 1939 342; baseline 0.001 -20"><span class='ocrx_word' id='word_1_1' title='bbox 130 284 299 322; x_wconf 65' lang='lat' dir='ltr'><strong>IVNIVS</strong></span> <span class='ocrx_word' id='word_1_2' title='bbox 477 336 482 342; x_wconf 28' lang='lat'>⁸</span> <span class='ocrx_word' id='word_1_3' title='bbox 994 279 1075 322; x_wconf 84' lang='lat'><em>251</em></span> <span class='ocrx_word' id='word_1_4' title='bbox 1795 287 1939 323; x_wconf 78' lang='lat' dir='ltr'><strong>IVMA</strong></span> 
     </span>
    </p>
   </div>
   <div class='ocr_carea' id='block_1_2' title="bbox 138 347 298 355">
    <p class='ocr_par' dir='ltr' id='par_1_2' title="bbox 138 347 298 355">
     <span class='ocr_line' id='line_1_2' title="bbox 138 347 298 355; baseline 0 0"><span class='ocrx_word' id='word_1_5' title='bbox 138 347 298 355; x_wconf 95' lang='lat' dir='ltr'><em> </em></span> 
     </span>
    </p>
   </div>
   <div class='ocr_carea' id='block_1_3' title="bbox 114 415 1942 3419">
    <p class='ocr_par' dir='ltr' id='par_1_3' title="bbox 129 415 1942 950">
     <span class='ocr_line' id='line_1_3' title="bbox 129 415 1940 472; baseline 0.001 -14"><span class='ocrx_word' id='word_1_6' title='bbox 129 415 209 458; x_wconf 87' lang='lat'><em>561</em></span> <span class='ocrx_word' id='word_1_7' title='bbox 244 421 285 458; x_wconf 89' lang='lat' dir='ltr'><em>C.</em></span> <span class='ocrx_word' id='word_1_8' title='bbox 316 422 484 458; x_wconf 88' lang='lat' dir='ltr'><strong>IVNIVS</strong></span> <span class='ocrx_word' id='word_1_9' title='bbox 513 421 816 458; x_wconf 86' lang='lat' dir='ltr'><strong>TIBERIANVS</strong></span> <span class='ocrx_word' id='word_1_10' title='bbox 859 416 1029 466; x_wconf 87' lang='lat' dir='ltr'><em>(Iunius</em></span> <span class='ocrx_word' id='word_1_11' title='bbox 1059 415 1321 459; x_wconf 82' lang='lat' dir='ltr'>Tiberianus</span> <span class='ocrx_word' id='word_1_12' title='bbox 1362 417 1591 460; x_wconf 79' lang='lat' dir='ltr'><em>laterculus</em></span> <span class='ocrx_word' id='word_1_13' title='bbox 1623 419 1940 472; x_wconf 75' lang='lat' dir='ltr'><em>praefectorum</em></span> 
     </span>
     <span class='ocr_line' id='line_1_4' title="bbox 213 483 1942 535; baseline 0.002 -10"><span class='ocrx_word' id='word_1_14' title='bbox 213 484 335 526; x_wconf 66' lang='lat' dir='ltr'><em>urbis</em></span> <span class='ocrx_word' id='word_1_15' title='bbox 364 487 404 527; x_wconf 88' lang='lat' dir='ltr'><em>ct</em></span> <span class='ocrx_word' id='word_1_16' title='bbox 430 485 501 526; x_wconf 73' lang='lat' dir='ltr'><em>vit.</em></span> <span class='ocrx_word' id='word_1_17' title='bbox 533 483 758 526; x_wconf 77' lang='lat' dir='ltr'><em>Aurelian.</em></span> <span class='ocrx_word' id='word_1_18' title='bbox 781 487 831 535; x_wconf 89' lang='lat'><em>1;</em></span> <span class='ocrx_word' id='word_1_19' title='bbox 860 484 906 526; x_wconf 86' lang='lat' dir='ltr'><em>in</em></span> <span class='ocrx_word' id='word_1_20' title='bbox 927 484 1149 526; x_wconf 75' lang='lat' dir='ltr'><em>consulatu</em></span> <span class='ocrx_word' id='word_1_21' title='bbox 1170 485 1305 528; x_wconf 90' lang='lat' dir='ltr'><em>altero</em></span> <span class='ocrx_word' id='word_1_22' title='bbox 1334 485 1471 529; x_wconf 78' lang='lat' dir='ltr'><em>Gaius</em></span> <span class='ocrx_word' id='word_1_23' title='bbox 1501 487 1524 528; x_wconf 97' lang='lat' dir='ltr'><strong>I</strong></span> <span class='ocrx_word' id='word_1_24' title='bbox 1540 521 1550 530; x_wconf 89' lang='lat'><em>.</em></span> <span class='ocrx_word' id='word_1_25' title='bbox 1569 505 1579 528; x_wconf 71' lang='grc' dir='ltr'><strong><em>ι</em></strong></span> <span class='ocrx_word' id='word_1_26' title='bbox 1597 519 1607 528; x_wconf 92' lang='grc'><strong><em>.</em></strong></span> <span class='ocrx_word' id='word_1_27' title='bbox 1625 519 1635 528; x_wconf 94' lang='grc'><strong><em>.</em></strong></span> <span class='ocrx_word' id='word_1_28' title='bbox 1653 519 1662 528; x_wconf 95' lang='grc'><strong><em>.</em></strong></span> <span class='ocrx_word' id='word_1_29' title='bbox 1690 489 1720 529; x_wconf 91' lang='lat' dir='ltr'><em>t.</em></span> <span class='ocrx_word' id='word_1_30' title='bbox 1750 487 1942 529; x_wconf 86' lang='lat' dir='ltr'><em>urbanus</em></span> 
     </span>
     <span class='ocr_line' id='line_1_5' title="bbox 215 551 1938 611; baseline 0.002 -17"><span class='ocrx_word' id='word_1_31' title='bbox 215 566 285 607; x_wconf 83' lang='lat' dir='ltr'><em>ap.</em></span> <span class='ocrx_word' id='word_1_32' title='bbox 316 552 366 595; x_wconf 85' lang='lat' dir='ltr'><em>de</em></span> <span class='ocrx_word' id='word_1_33' title='bbox 392 551 525 595; x_wconf 86' lang='lat' dir='ltr'><em>Rossi</em></span> <span class='ocrx_word' id='word_1_34' title='bbox 552 553 679 596; x_wconf 83' lang='lat' dir='ltr'><em>inser.</em></span> <span class='ocrx_word' id='word_1_35' title='bbox 712 552 798 595; x_wconf 81' lang='lat' dir='ltr'><em>chr.</em></span> <span class='ocrx_word' id='word_1_36' title='bbox 829 553 863 595; x_wconf 95' lang='lat' dir='ltr'><strong><em>I</em></strong></span> <span class='ocrx_word' id='word_1_37' title='bbox 883 555 964 603; x_wconf 92' lang='grc'><em>32,</em></span> <span class='ocrx_word' id='word_1_38' title='bbox 995 552 1246 607; x_wconf 76' lang='lat' dir='ltr'><em>plerumque</em></span> <span class='ocrx_word' id='word_1_39' title='bbox 1274 554 1319 596; x_wconf 88' lang='lat' dir='ltr'><em>in</em></span> <span class='ocrx_word' id='word_1_40' title='bbox 1350 554 1638 597; x_wconf 80' lang='lat' dir='ltr'><em>consulatibus</em></span> <span class='ocrx_word' id='word_1_41' title='bbox 1668 554 1938 611; x_wconf 85' lang='lat' dir='ltr'><em>Tiberianus,</em></span> 
     </span>
     <span class='ocr_line' id='line_1_6' title="bbox 213 621 1936 680; baseline 0.002 -17"><span class='ocrx_word' id='word_1_42' title='bbox 213 621 338 663; x_wconf 87' lang='lat' dir='ltr'><em>semel</em></span> <span class='ocrx_word' id='word_1_43' title='bbox 365 621 430 664; x_wconf 84' lang='lat' dir='ltr'><em>vel</em></span> <span class='ocrx_word' id='word_1_44' title='bbox 460 622 526 664; x_wconf 86' lang='lat' dir='ltr'><em>bis</em></span> <span class='ocrx_word' id='word_1_45' title='bbox 544 621 765 675; x_wconf 88' lang='lat' dir='ltr'><em>Tiberius)</em></span> <span class='ocrx_word' id='word_1_46' title='bbox 796 621 946 663; x_wconf 90' lang='lat' dir='ltr'><em>consul</em></span> <span class='ocrx_word' id='word_1_47' title='bbox 976 621 1220 664; x_wconf 84' lang='lat' dir='ltr'><em>ordinarius</em></span> <span class='ocrx_word' id='word_1_48' title='bbox 1252 637 1289 664; x_wconf 91' lang='lat' dir='ltr'><em>a.</em></span> <span class='ocrx_word' id='word_1_49' title='bbox 1312 623 1393 665; x_wconf 84' lang='lat'><em>281</em></span> <span class='ocrx_word' id='word_1_50' title='bbox 1427 637 1526 665; x_wconf 87' lang='lat' dir='ltr'><em>cum</em></span> <span class='ocrx_word' id='word_1_51' title='bbox 1547 624 1649 680; x_wconf 90' lang='lat' dir='ltr'>imp.</span> <span class='ocrx_word' id='word_1_52' title='bbox 1670 623 1813 666; x_wconf 90' lang='lat' dir='ltr'><em>Probo</em></span> <span class='ocrx_word' id='word_1_53' title='bbox 1835 624 1936 678; x_wconf 87' lang='lat' dir='ltr'><strong>IIII,</strong></span> 
     </span>
     <span class='ocr_line' id='line_1_7' title="bbox 213 689 1940 745; baseline 0.002 -14"><span class='ocrx_word' id='word_1_54' title='bbox 213 689 363 732; x_wconf 89' lang='lat' dir='ltr'><em>consul</em></span> <span class='ocrx_word' id='word_1_55' title='bbox 384 690 539 732; x_wconf 87' lang='lat' dir='ltr'><em>iterum</em></span> <span class='ocrx_word' id='word_1_56' title='bbox 562 690 818 744; x_wconf 75' lang='lat' dir='ltr'><em>(iterationis</em></span> <span class='ocrx_word' id='word_1_57' title='bbox 843 693 987 732; x_wconf 87' lang='lat' dir='ltr'><em>notam</em></span> <span class='ocrx_word' id='word_1_58' title='bbox 1008 690 1203 732; x_wconf 72' lang='lat' dir='ltr'><em>exhibent</em></span> <span class='ocrx_word' id='word_1_59' title='bbox 1223 690 1452 733; x_wconf 80' lang='lat' dir='ltr'><em>laterculus</em></span> <span class='ocrx_word' id='word_1_60' title='bbox 1471 692 1792 745; x_wconf 79' lang='lat' dir='ltr'><em>praefectorum</em></span> <span class='ocrx_word' id='word_1_61' title='bbox 1819 692 1940 734; x_wconf 84' lang='lat' dir='ltr'><em>urbis</em></span> 
     </span>
     <span class='ocr_line' id='line_1_8' title="bbox 214 757 1938 814; baseline 0.003 -15"><span class='ocrx_word' id='word_1_62' title='bbox 214 760 253 800; x_wconf 88' lang='lat' dir='ltr'><em>et</em></span> <span class='ocrx_word' id='word_1_63' title='bbox 283 761 311 799; x_wconf 92' lang='lat' dir='ltr'><em>t.</em></span> <span class='ocrx_word' id='word_1_64' title='bbox 341 758 534 800; x_wconf 85' lang='lat' dir='ltr'><em>urbanus</em></span> <span class='ocrx_word' id='word_1_65' title='bbox 564 772 632 812; x_wconf 88' lang='lat' dir='ltr'><em>ap.</em></span> <span class='ocrx_word' id='word_1_66' title='bbox 665 757 714 799; x_wconf 87' lang='lat' dir='ltr'><em>cle</em></span> <span class='ocrx_word' id='word_1_67' title='bbox 742 757 873 800; x_wconf 86' lang='lat' dir='ltr'><em>Rossi</em></span> <span class='ocrx_word' id='word_1_68' title='bbox 900 757 926 800; x_wconf 88' lang='lat' dir='ltr'><em>l.</em></span> <span class='ocrx_word' id='word_1_69' title='bbox 958 772 991 802; x_wconf 91' lang='lat' dir='ltr'><em>c.</em></span> <span class='ocrx_word' id='word_1_70' title='bbox 1023 761 1094 814; x_wconf 91' lang='lat'><em>17)</em></span> <span class='ocrx_word' id='word_1_71' title='bbox 1125 773 1165 801; x_wconf 89' lang='lat' dir='ltr'><em>a.</em></span> <span class='ocrx_word' id='word_1_72' title='bbox 1194 759 1275 802; x_wconf 87' lang='grc'><em>291</em></span> <span class='ocrx_word' id='word_1_73' title='bbox 1319 773 1417 801; x_wconf 89' lang='lat' dir='ltr'><em>cum</em></span> <span class='ocrx_word' id='word_1_74' title='bbox 1449 758 1599 802; x_wconf 85' lang='lat' dir='ltr'><em>Cassio</em></span> <span class='ocrx_word' id='word_1_75' title='bbox 1637 759 1780 802; x_wconf 90' lang='lat' dir='ltr'><em>Dione</em></span> <span class='ocrx_word' id='word_1_76' title='bbox 1819 760 1938 813; x_wconf 87' lang='lat' dir='ltr'><em>fasti.</em></span> 
     </span>
     <span class='ocr_line' id='line_1_9' title="bbox 213 825 1938 883; baseline 0.001 -15"><span class='ocrx_word' id='word_1_77' title='bbox 213 825 466 868; x_wconf 83' lang='lat' dir='ltr'><em>Praefectus</em></span> <span class='ocrx_word' id='word_1_78' title='bbox 496 826 596 868; x_wconf 76' lang='lat' dir='ltr'><em>urbi</em></span> <span class='ocrx_word' id='word_1_79' title='bbox 625 841 663 868; x_wconf 90' lang='lat' dir='ltr'><em>a.</em></span> <span class='ocrx_word' id='word_1_80' title='bbox 685 827 781 880; x_wconf 85' lang='lat'><em>291,</em></span> <span class='ocrx_word' id='word_1_81' title='bbox 811 827 914 868; x_wconf 88' lang='lat' dir='ltr'><em>item</em></span> <span class='ocrx_word' id='word_1_82' title='bbox 943 841 980 871; x_wconf 86' lang='lat' dir='ltr'><em>a.</em></span> <span class='ocrx_word' id='word_1_83' title='bbox 1002 827 1086 869; x_wconf 86' lang='lat'><em>303</em></span> <span class='ocrx_word' id='word_1_84' title='bbox 1118 826 1347 869; x_wconf 82' lang='lat' dir='ltr'><em>laterculus</em></span> <span class='ocrx_word' id='word_1_85' title='bbox 1366 828 1686 882; x_wconf 80' lang='lat' dir='ltr'><em>praefectorum</em></span> <span class='ocrx_word' id='word_1_86' title='bbox 1713 829 1846 878; x_wconf 83' lang='lat' dir='ltr'><em>urbis,</em></span> <span class='ocrx_word' id='word_1_87' title='bbox 1869 843 1938 883; x_wconf 85' lang='lat' dir='ltr'><em>ap.</em></span> 
     </span>
     <span class='ocr_line' id='line_1_10' title="bbox 213 894 1565 950; baseline 0.001 -14"><span class='ocrx_word' id='word_1_88' title='bbox 213 894 578 950; x_wconf 74' lang='lat' dir='ltr'><em>chronoyraphum</em></span> <span class='ocrx_word' id='word_1_89' title='bbox 608 895 714 936; x_wconf 83' lang='lat' dir='ltr'><em>anni</em></span> <span class='ocrx_word' id='word_1_90' title='bbox 734 897 839 947; x_wconf 89' lang='grc'><strong><em>354;</em></strong></span> <span class='ocrx_word' id='word_1_91' title='bbox 869 895 924 948; x_wconf 88' lang='lat' dir='ltr'><em>cf.</em></span> <span class='ocrx_word' id='word_1_92' title='bbox 956 894 1157 948; x_wconf 88' lang='lat' dir='ltr'><em>Vopiscus</em></span> <span class='ocrx_word' id='word_1_93' title='bbox 1185 896 1257 939; x_wconf 85' lang='lat' dir='ltr'><em>vit.</em></span> <span class='ocrx_word' id='word_1_94' title='bbox 1279 895 1504 940; x_wconf 85' lang='lat' dir='ltr'><em>Aurelian.</em></span> <span class='ocrx_word' id='word_1_95' title='bbox 1526 899 1565 938; x_wconf 91' lang='lat'><em>1.</em></span> 
     </span>
    </p>

    <p class='ocr_par' dir='ltr' id='par_1_4' title="bbox 127 963 1940 1428">
     <span class='ocr_line' id='line_1_11' title="bbox 127 963 1938 1019; baseline 0.001 -13"><span class='ocrx_word' id='word_1_96' title='bbox 127 963 210 1006; x_wconf 84' lang='lat'><em>562</em></span> <span class='ocrx_word' id='word_1_97' title='bbox 240 969 410 1005; x_wconf 90' lang='lat' dir='ltr'><strong>IVNIVS</strong></span> <span class='ocrx_word' id='word_1_98' title='bbox 441 969 840 1005; x_wconf 86' lang='lat' dir='ltr'><em>VELDVMNIANVS</em></span> <span class='ocrx_word' id='word_1_99' title='bbox 871 969 1047 1018; x_wconf 84' lang='lat' dir='ltr'><em>praetor</em></span> <span class='ocrx_word' id='word_1_100' title='bbox 1085 963 1298 1019; x_wconf 86' lang='lat' dir='ltr'><em>urbanus,</em></span> <span class='ocrx_word' id='word_1_101' title='bbox 1338 964 1521 1006; x_wconf 85' lang='lat' dir='ltr'><em>Herculi</em></span> <span class='ocrx_word' id='word_1_102' title='bbox 1553 979 1723 1007; x_wconf 85' lang='lat' dir='ltr'><em>sacrum</em></span> <span class='ocrx_word' id='word_1_103' title='bbox 1751 964 1854 1007; x_wconf 89' lang='lat' dir='ltr'><em>fecit</em></span> <span class='ocrx_word' id='word_1_104' title='bbox 1882 965 1938 1008; x_wconf 85' lang='lat' dir='ltr'><em>ad</em></span> 
     </span>
     <span class='ocr_line' id='line_1_12' title="bbox 213 1030 1940 1088; baseline 0.001 -14"><span class='ocrx_word' id='word_1_105' title='bbox 213 1047 332 1074; x_wconf 84' lang='lat' dir='ltr'><em>aram</em></span> <span class='ocrx_word' id='word_1_106' title='bbox 351 1033 584 1074; x_wconf 82' lang='lat' dir='ltr'><em>maximam</em></span> <span class='ocrx_word' id='word_1_107' title='bbox 614 1031 788 1075; x_wconf 80' lang='lat' dir='ltr'><em>V1319.</em></span> <span class='ocrx_word' id='word_1_108' title='bbox 832 1030 952 1073; x_wconf 84' lang='lat' dir='ltr'><em>Idem</em></span> <span class='ocrx_word' id='word_1_109' title='bbox 963 1034 1072 1085; x_wconf 86' lang='lat' dir='ltr'><em>puto</em></span> <span class='ocrx_word' id='word_1_110' title='bbox 1093 1032 1157 1086; x_wconf 91' lang='lat' dir='ltr'><em>(ut</em></span> <span class='ocrx_word' id='word_1_111' title='bbox 1177 1032 1354 1074; x_wconf 87' lang='lat' dir='ltr'><em>coniecit</em></span> <span class='ocrx_word' id='word_1_112' title='bbox 1372 1033 1501 1075; x_wconf 89' lang='lat' dir='ltr'><em>etiam</em></span> <span class='ocrx_word' id='word_1_113' title='bbox 1519 1032 1780 1087; x_wconf 76' lang='lat' dir='ltr'><em>Boryhesius</em></span> <span class='ocrx_word' id='word_1_114' title='bbox 1802 1048 1896 1088; x_wconf 86' lang='lat' dir='ltr'><em>opp.</em></span> <span class='ocrx_word' id='word_1_115' title='bbox 1911 1036 1940 1075; x_wconf 86' lang='grc'><em>8</em></span> 
     </span>
     <span class='ocr_line' id='line_1_13' title="bbox 213 1098 1938 1158; baseline 0.001 -15"><span class='ocrx_word' id='word_1_116' title='bbox 213 1115 262 1155; x_wconf 85' lang='lat' dir='ltr'><em>p.</em></span> <span class='ocrx_word' id='word_1_117' title='bbox 288 1100 384 1152; x_wconf 86' lang='grc'><strong><em>435)</em></strong></span> <span class='ocrx_word' id='word_1_118' title='bbox 418 1099 765 1143; x_wconf 89' lang='lat' dir='ltr'><em>Veldumnianus</em></span> <span class='ocrx_word' id='word_1_119' title='bbox 803 1098 1149 1158; x_wconf 83' lang='grc' dir='ltr'>(Βελὸουβινιανός</span> <span class='ocrx_word' id='word_1_120' title='bbox 1186 1100 1296 1154; x_wconf 72' lang='lat' dir='ltr'><em>fasti</em></span> <span class='ocrx_word' id='word_1_121' title='bbox 1336 1100 1496 1144; x_wconf 75' lang='lat' dir='ltr'><em>Graeci</em></span> <span class='ocrx_word' id='word_1_122' title='bbox 1532 1102 1734 1152; x_wconf 85' lang='lat' dir='ltr'><em>maiores,</em></span> <span class='ocrx_word' id='word_1_123' title='bbox 1777 1102 1938 1145; x_wconf 90' lang='lat' dir='ltr'><em>Veldu-</em></span> 
     </span>
     <span class='ocr_line' id='line_1_14' title="bbox 210 1167 1938 1223; baseline 0.001 -12"><span class='ocrx_word' id='word_1_124' title='bbox 210 1170 380 1211; x_wconf 85' lang='lat' dir='ltr'><em>mianus</em></span> <span class='ocrx_word' id='word_1_125' title='bbox 418 1167 762 1223; x_wconf 75' lang='lat' dir='ltr'><em>chronoyraphus</em></span> <span class='ocrx_word' id='word_1_126' title='bbox 792 1182 841 1212; x_wconf 73' lang='lat' dir='ltr'><em>a,</em></span> <span class='ocrx_word' id='word_1_127' title='bbox 866 1171 968 1219; x_wconf 98' lang='lat'><em>354,</em></span> <span class='ocrx_word' id='word_1_128' title='bbox 1010 1167 1323 1211; x_wconf 88' lang='lat' dir='ltr'><em>Veldemianus</em></span> <span class='ocrx_word' id='word_1_129' title='bbox 1352 1170 1442 1212; x_wconf 91' lang='lat' dir='ltr'><em>III</em></span> <span class='ocrx_word' id='word_1_130' title='bbox 1463 1173 1590 1220; x_wconf 88' lang='grc'><em>1661,</em></span> <span class='ocrx_word' id='word_1_131' title='bbox 1622 1169 1938 1213; x_wconf 88' lang='lat' dir='ltr'><em>Valdumianus</em></span> 
     </span>
     <span class='ocr_line' id='line_1_15' title="bbox 211 1235 1938 1294; baseline 0.002 -16"><span class='ocrx_word' id='word_1_132' title='bbox 211 1236 319 1290; x_wconf 87' lang='lat' dir='ltr'><em>fasti</em></span> <span class='ocrx_word' id='word_1_133' title='bbox 329 1236 505 1291; x_wconf 65' lang='lat' dir='ltr'><em>Hydat„</em></span> <span class='ocrx_word' id='word_1_134' title='bbox 525 1235 841 1279; x_wconf 87' lang='lat' dir='ltr'><em>Voldumianus</em></span> <span class='ocrx_word' id='word_1_135' title='bbox 858 1235 1060 1291; x_wconf 76' lang='lat' dir='ltr'><em>Prosper,</em></span> <span class='ocrx_word' id='word_1_136' title='bbox 1078 1236 1426 1294; x_wconf 83' lang='grc' dir='ltr'>Βελλουμηνιανός</span> <span class='ocrx_word' id='word_1_137' title='bbox 1439 1239 1548 1291; x_wconf 85' lang='lat' dir='ltr'><em>fasti</em></span> <span class='ocrx_word' id='word_1_138' title='bbox 1562 1238 1722 1281; x_wconf 78' lang='lat' dir='ltr'><em>Graeci</em></span> <span class='ocrx_word' id='word_1_139' title='bbox 1738 1239 1938 1294; x_wconf 89' lang='lat' dir='ltr'><em>minores)</em></span> 
     </span>
     <span class='ocr_line' id='line_1_16' title="bbox 212 1304 1937 1361; baseline 0.002 -15"><span class='ocrx_word' id='word_1_140' title='bbox 212 1305 363 1347; x_wconf 85' lang='lat' dir='ltr'><em>consul</em></span> <span class='ocrx_word' id='word_1_141' title='bbox 394 1304 485 1347; x_wconf 90' lang='lat' dir='ltr'><em>ord.</em></span> <span class='ocrx_word' id='word_1_142' title='bbox 517 1320 554 1347; x_wconf 88' lang='lat' dir='ltr'><em>a.</em></span> <span class='ocrx_word' id='word_1_143' title='bbox 577 1305 660 1347; x_wconf 84' lang='lat'><em>272</em></span> <span class='ocrx_word' id='word_1_144' title='bbox 689 1319 787 1346; x_wconf 91' lang='lat' dir='ltr'><em>cum</em></span> <span class='ocrx_word' id='word_1_145' title='bbox 817 1304 975 1357; x_wconf 79' lang='lat' dir='ltr'><em>Quieto</em></span> <span class='ocrx_word' id='word_1_146' title='bbox 1004 1305 1124 1358; x_wconf 84' lang='lat' dir='ltr'><em>fasti.</em></span> <span class='ocrx_word' id='word_1_147' title='bbox 1149 1330 1207 1335; x_wconf 92' lang='grc'><strong>-</strong></span> <span class='ocrx_word' id='word_1_148' title='bbox 1232 1306 1446 1348; x_wconf 87' lang='lat' dir='ltr'><em>Incertum</em></span> <span class='ocrx_word' id='word_1_149' title='bbox 1474 1320 1576 1348; x_wconf 84' lang='lat' dir='ltr'><em>num</em></span> <span class='ocrx_word' id='word_1_150' title='bbox 1606 1306 1752 1361; x_wconf 78' lang='lat' dir='ltr'><em>aliqua</em></span> <span class='ocrx_word' id='word_1_151' title='bbox 1780 1322 1937 1361; x_wconf 84' lang='lat' dir='ltr'><em>paren-</em></span> 
     </span>
     <span class='ocr_line' id='line_1_17' title="bbox 214 1372 1879 1428; baseline 0.001 -12"><span class='ocrx_word' id='word_1_152' title='bbox 214 1373 297 1416; x_wconf 88' lang='lat' dir='ltr'><em>tela</em></span> <span class='ocrx_word' id='word_1_153' title='bbox 327 1374 571 1416; x_wconf 84' lang='lat' dir='ltr'><em>coniunctus</em></span> <span class='ocrx_word' id='word_1_154' title='bbox 601 1387 694 1415; x_wconf 91' lang='lat' dir='ltr'><em>cum</em></span> <span class='ocrx_word' id='word_1_155' title='bbox 721 1372 767 1415; x_wconf 82' lang='lat' dir='ltr'><em>G.</em></span> <span class='ocrx_word' id='word_1_156' title='bbox 801 1372 923 1416; x_wconf 86' lang='lat' dir='ltr'><em>Vibio</em></span> <span class='ocrx_word' id='word_1_157' title='bbox 951 1373 1102 1428; x_wconf 75' lang='lat' dir='ltr'><em>Afinio</em></span> <span class='ocrx_word' id='word_1_158' title='bbox 1138 1373 1267 1417; x_wconf 78' lang='lat' dir='ltr'><em>Gallo</em></span> <span class='ocrx_word' id='word_1_159' title='bbox 1303 1374 1608 1417; x_wconf 86' lang='lat' dir='ltr'><em>Veldumniano</em></span> <span class='ocrx_word' id='word_1_160' title='bbox 1639 1375 1879 1420; x_wconf 82' lang='lat' dir='ltr'><em>Volusiano.</em></span> 
     </span>
    </p>

    <p class='ocr_par' dir='ltr' id='par_1_5' title="bbox 125 1441 1939 1771">
     <span class='ocr_line' id='line_1_18' title="bbox 125 1441 1939 1497; baseline 0.001 -12"><span class='ocrx_word' id='word_1_161' title='bbox 125 1443 210 1485; x_wconf 84' lang='lat'><em>563</em></span> <span class='ocrx_word' id='word_1_162' title='bbox 238 1449 291 1484; x_wconf 91' lang='lat' dir='ltr'><em>M.</em></span> <span class='ocrx_word' id='word_1_163' title='bbox 322 1441 593 1496; x_wconf 85' lang='lat' dir='ltr'><strong>IVN(IVS)(?)</strong></span> <span class='ocrx_word' id='word_1_164' title='bbox 622 1447 867 1484; x_wconf 86' lang='lat' dir='ltr'><strong>VESTINVS</strong></span> <span class='ocrx_word' id='word_1_165' title='bbox 899 1448 1072 1484; x_wconf 90' lang='lat' dir='ltr'><em>MALLO</em></span> <span class='ocrx_word' id='word_1_166' title='bbox 1096 1475 1106 1485; x_wconf 95' lang='lat'><em>.</em></span> <span class='ocrx_word' id='word_1_167' title='bbox 1125 1475 1135 1485; x_wconf 92' lang='lat'><em>.</em></span> <span class='ocrx_word' id='word_1_168' title='bbox 1153 1476 1163 1485; x_wconf 92' lang='lat'><em>.</em></span> <span class='ocrx_word' id='word_1_169' title='bbox 1182 1476 1192 1485; x_wconf 93' lang='lat'><em>.</em></span> <span class='ocrx_word' id='word_1_170' title='bbox 1214 1448 1469 1485; x_wconf 84' lang='lat' dir='ltr'><em>ROMANVS.</em></span> <span class='ocrx_word' id='word_1_171' title='bbox 1516 1443 1651 1486; x_wconf 83' lang='lat' dir='ltr'><em>Tituli</em></span> <span class='ocrx_word' id='word_1_172' title='bbox 1668 1458 1756 1497; x_wconf 84' lang='lat' dir='ltr'><em>rep.</em></span> <span class='ocrx_word' id='word_1_173' title='bbox 1779 1444 1939 1487; x_wconf 80' lang='lat' dir='ltr'><em>Viviers</em></span> 
     </span>
     <span class='ocr_line' id='line_1_19' title="bbox 211 1510 1939 1565; baseline 0.001 -12"><span class='ocrx_word' id='word_1_174' title='bbox 211 1510 270 1553; x_wconf 91' lang='lat' dir='ltr'><em>ad</em></span> <span class='ocrx_word' id='word_1_175' title='bbox 296 1510 556 1553; x_wconf 76' lang='lat' dir='ltr'><em>Rhodanum</em></span> <span class='ocrx_word' id='word_1_176' title='bbox 574 1510 683 1553; x_wconf 86' lang='lat' dir='ltr'><em>XII</em></span> <span class='ocrx_word' id='word_1_177' title='bbox 694 1513 810 1554; x_wconf 85' lang='grc'><strong><em>2452</em></strong></span> <span class='ocrx_word' id='word_1_178' title='bbox 839 1510 914 1565; x_wconf 85' lang='grc'><strong><em>(1).</em></strong></span> <span class='ocrx_word' id='word_1_179' title='bbox 939 1513 1052 1554; x_wconf 87' lang='grc'><strong><em>2453</em></strong></span> <span class='ocrx_word' id='word_1_180' title='bbox 1081 1510 1149 1554; x_wconf 78' lang='lat' dir='ltr'><em>hic</em></span> <span class='ocrx_word' id='word_1_181' title='bbox 1180 1511 1407 1565; x_wconf 77' lang='lat' dir='ltr'><em>acephalus</em></span> <span class='ocrx_word' id='word_1_182' title='bbox 1437 1515 1478 1554; x_wconf 84' lang='lat' dir='ltr'><em>et</em></span> <span class='ocrx_word' id='word_1_183' title='bbox 1506 1513 1747 1555; x_wconf 87' lang='lat' dir='ltr'><em>coniectura</em></span> <span class='ocrx_word' id='word_1_184' title='bbox 1776 1515 1939 1554; x_wconf 83' lang='lat' dir='ltr'><em>tantum</em></span> 
     </span>
     <span class='ocr_line' id='line_1_20' title="bbox 210 1579 1938 1638; baseline 0.001 -17"><span class='ocrx_word' id='word_1_185' title='bbox 210 1580 374 1622; x_wconf 85' lang='lat' dir='ltr'><em>incerta</em></span> <span class='ocrx_word' id='word_1_186' title='bbox 403 1579 461 1621; x_wconf 92' lang='lat' dir='ltr'><em>ad</em></span> <span class='ocrx_word' id='word_1_187' title='bbox 490 1579 663 1621; x_wconf 84' lang='lat' dir='ltr'><em>eundem</em></span> <span class='ocrx_word' id='word_1_188' title='bbox 692 1579 901 1622; x_wconf 81' lang='lat' dir='ltr'><em>hominem</em></span> <span class='ocrx_word' id='word_1_189' title='bbox 924 1579 1085 1622; x_wconf 90' lang='lat' dir='ltr'><em>relatus</em></span> <span class='ocrx_word' id='word_1_190' title='bbox 1106 1580 1195 1636; x_wconf 87' lang='grc'><strong><em>(2),·</em></strong></span> <span class='ocrx_word' id='word_1_191' title='bbox 1224 1579 1334 1622; x_wconf 93' lang='grc' dir='ltr'><em>ΧΙΙ</em></span> <span class='ocrx_word' id='word_1_192' title='bbox 1345 1583 1459 1623; x_wconf 90' lang='grc'><strong><em>2454</em></strong></span> <span class='ocrx_word' id='word_1_193' title='bbox 1480 1581 1552 1638; x_wconf 90' lang='grc'><strong><em>(3).</em></strong></span> <span class='ocrx_word' id='word_1_194' title='bbox 1573 1583 1710 1623; x_wconf 73' lang='lat'><em>24540</em></span> <span class='ocrx_word' id='word_1_195' title='bbox 1730 1581 1789 1637; x_wconf 88' lang='lat'><em>(4)</em></span> <span class='ocrx_word' id='word_1_196' title='bbox 1819 1582 1938 1636; x_wconf 71' lang='lat' dir='ltr'><em>fray-</em></span> 
     </span>
     <span class='ocr_line' id='line_1_21' title="bbox 209 1647 1937 1703; baseline 0 -13"><span class='ocrx_word' id='word_1_197' title='bbox 209 1651 350 1691; x_wconf 79' lang='lat' dir='ltr'><em>menta</em></span> <span class='ocrx_word' id='word_1_198' title='bbox 376 1647 703 1702; x_wconf 78' lang='lat' dir='ltr'><em>quamplurima,</em></span> <span class='ocrx_word' id='word_1_199' title='bbox 735 1648 781 1690; x_wconf 87' lang='lat' dir='ltr'><em>in</em></span> <span class='ocrx_word' id='word_1_200' title='bbox 811 1647 950 1690; x_wconf 89' lang='lat' dir='ltr'><em>eodem</em></span> <span class='ocrx_word' id='word_1_201' title='bbox 971 1662 1088 1703; x_wconf 74' lang='lat' dir='ltr'><em>payo</em></span> <span class='ocrx_word' id='word_1_202' title='bbox 1120 1648 1282 1690; x_wconf 86' lang='lat' dir='ltr'><em>Viviers</em></span> <span class='ocrx_word' id='word_1_203' title='bbox 1314 1651 1497 1703; x_wconf 86' lang='lat' dir='ltr'><em>reperta,</em></span> <span class='ocrx_word' id='word_1_204' title='bbox 1534 1663 1642 1703; x_wconf 79' lang='lat' dir='ltr'><em>quae</em></span> <span class='ocrx_word' id='word_1_205' title='bbox 1678 1649 1736 1691; x_wconf 88' lang='lat' dir='ltr'><em>ad</em></span> <span class='ocrx_word' id='word_1_206' title='bbox 1770 1649 1937 1691; x_wconf 89' lang='lat' dir='ltr'><em>titulum</em></span> 
     </span>
     <span class='ocr_line' id='line_1_22' title="bbox 211 1716 1674 1771; baseline 0.001 -12"><span class='ocrx_word' id='word_1_207' title='bbox 211 1716 402 1759; x_wconf 83' lang='lat' dir='ltr'><em>titulosve</em></span> <span class='ocrx_word' id='word_1_208' title='bbox 431 1716 562 1758; x_wconf 87' lang='lat' dir='ltr'><em>eidem</em></span> <span class='ocrx_word' id='word_1_209' title='bbox 593 1716 757 1758; x_wconf 78' lang='lat' dir='ltr'><em>homini</em></span> <span class='ocrx_word' id='word_1_210' title='bbox 773 1717 940 1771; x_wconf 87' lang='lat' dir='ltr'><em>positos</em></span> <span class='ocrx_word' id='word_1_211' title='bbox 959 1717 1178 1770; x_wconf 87' lang='lat' dir='ltr'><em>pertinere</em></span> <span class='ocrx_word' id='word_1_212' title='bbox 1207 1718 1385 1759; x_wconf 85' lang='lat' dir='ltr'><em>coniecit</em></span> <span class='ocrx_word' id='word_1_213' title='bbox 1412 1717 1674 1771; x_wconf 79' lang='lat' dir='ltr'><em>Hirschfeld.</em></span> 
     </span>
    </p>

    <p class='ocr_par' dir='ltr' id='par_1_6' title="bbox 209 1782 1938 2323">
     <span class='ocr_line' id='line_1_23' title="bbox 296 1782 1936 1841; baseline 0 -13"><span class='ocrx_word' id='word_1_214' title='bbox 296 1818 306 1828; x_wconf 91' lang='lat'><em>.</em></span> <span class='ocrx_word' id='word_1_215' title='bbox 324 1818 334 1828; x_wconf 90' lang='lat'><em>.</em></span> <span class='ocrx_word' id='word_1_216' title='bbox 353 1818 363 1828; x_wconf 90' lang='lat'><em>.</em></span> <span class='ocrx_word' id='word_1_217' title='bbox 379 1800 422 1829; x_wconf 92' lang='lat' dir='ltr'><em>n.</em></span> <span class='ocrx_word' id='word_1_218' title='bbox 453 1785 660 1828; x_wconf 83' lang='lat' dir='ltr'><em>Vestinus</em></span> <span class='ocrx_word' id='word_1_219' title='bbox 688 1782 819 1827; x_wconf 87' lang='lat' dir='ltr'><em>Mallo</em></span> <span class='ocrx_word' id='word_1_220' title='bbox 843 1818 852 1827; x_wconf 93' lang='lat'><em>.</em></span> <span class='ocrx_word' id='word_1_221' title='bbox 871 1820 880 1829; x_wconf 96' lang='lat'><em>.</em></span> <span class='ocrx_word' id='word_1_222' title='bbox 896 1819 905 1828; x_wconf 89' lang='lat'><em>.</em></span> <span class='ocrx_word' id='word_1_223' title='bbox 924 1819 933 1828; x_wconf 92' lang='lat'><em>.</em></span> <span class='ocrx_word' id='word_1_224' title='bbox 949 1800 1000 1827; x_wconf 91' lang='lat' dir='ltr'><em>us</em></span> <span class='ocrx_word' id='word_1_225' title='bbox 1030 1785 1252 1827; x_wconf 89' lang='lat' dir='ltr'><em>Romanus</em></span> <span class='ocrx_word' id='word_1_226' title='bbox 1284 1789 1311 1830; x_wconf 90' lang='lat' dir='ltr'><em>t.</em></span> <span class='ocrx_word' id='word_1_227' title='bbox 1333 1789 1359 1828; x_wconf 90' lang='lat'><em>1</em></span> <span class='ocrx_word' id='word_1_228' title='bbox 1390 1784 1519 1841; x_wconf 89' lang='lat' dir='ltr'><em>(pars</em></span> <span class='ocrx_word' id='word_1_229' title='bbox 1548 1787 1731 1828; x_wconf 88' lang='lat' dir='ltr'><em>nominis</em></span> <span class='ocrx_word' id='word_1_230' title='bbox 1766 1786 1936 1837; x_wconf 84' lang='lat' dir='ltr'><em>Vestini,</em></span> 
     </span>
     <span class='ocr_line' id='line_1_24' title="bbox 209 1853 1937 1909; baseline 0.001 -13"><span class='ocrx_word' id='word_1_231' title='bbox 209 1855 308 1896; x_wconf 86' lang='lat' dir='ltr'><em>item</em></span> <span class='ocrx_word' id='word_1_232' title='bbox 338 1853 550 1896; x_wconf 83' lang='lat' dir='ltr'><em>Mallonis</em></span> <span class='ocrx_word' id='word_1_233' title='bbox 579 1867 803 1908; x_wconf 77' lang='lat' dir='ltr'><em>coynomen</em></span> <span class='ocrx_word' id='word_1_234' title='bbox 833 1854 1040 1909; x_wconf 71' lang='lat' dir='ltr'><em>inteyrum</em></span> <span class='ocrx_word' id='word_1_235' title='bbox 1068 1857 1239 1897; x_wconf 85' lang='lat' dir='ltr'><em>servata</em></span> <span class='ocrx_word' id='word_1_236' title='bbox 1265 1857 1364 1896; x_wconf 89' lang='lat' dir='ltr'><em>sunt</em></span> <span class='ocrx_word' id='word_1_237' title='bbox 1393 1855 1521 1897; x_wconf 89' lang='lat' dir='ltr'><em>etiam</em></span> <span class='ocrx_word' id='word_1_238' title='bbox 1555 1858 1583 1897; x_wconf 82' lang='lat' dir='ltr'><em>t.</em></span> <span class='ocrx_word' id='word_1_239' title='bbox 1613 1854 1680 1908; x_wconf 87' lang='lat'><em>3);</em></span> <span class='ocrx_word' id='word_1_240' title='bbox 1710 1854 1769 1898; x_wconf 91' lang='lat' dir='ltr'><em>M.</em></span> <span class='ocrx_word' id='word_1_241' title='bbox 1799 1855 1852 1897; x_wconf 94' lang='lat' dir='ltr'><em>Iu</em></span> <span class='ocrx_word' id='word_1_242' title='bbox 1870 1888 1880 1897; x_wconf 91' lang='lat'><em>.</em></span> <span class='ocrx_word' id='word_1_243' title='bbox 1898 1887 1908 1897; x_wconf 94' lang='lat'><em>.</em></span> <span class='ocrx_word' id='word_1_244' title='bbox 1927 1888 1937 1898; x_wconf 88' lang='lat'><em>.</em></span> 
     </span>
     <span class='ocr_line' id='line_1_25' title="bbox 210 1922 1938 1978; baseline 0.001 -14"><span class='ocrx_word' id='word_1_245' title='bbox 210 1926 238 1965; x_wconf 93' lang='lat' dir='ltr'><em>t.</em></span> <span class='ocrx_word' id='word_1_246' title='bbox 268 1926 296 1965; x_wconf 91' lang='lat'><em>4</em></span> <span class='ocrx_word' id='word_1_247' title='bbox 334 1923 619 1977; x_wconf 64' lang='lat' dir='ltr'><em>fragmentum</em></span> <span class='ocrx_word' id='word_1_248' title='bbox 655 1922 768 1976; x_wconf 79' lang='lat' dir='ltr'><em>quod</em></span> <span class='ocrx_word' id='word_1_249' title='bbox 803 1936 889 1965; x_wconf 84' lang='lat' dir='ltr'><em>non</em></span> <span class='ocrx_word' id='word_1_250' title='bbox 926 1926 1084 1965; x_wconf 89' lang='lat' dir='ltr'><em>certum</em></span> <span class='ocrx_word' id='word_1_251' title='bbox 1124 1926 1185 1966; x_wconf 87' lang='lat' dir='ltr'><em>est</em></span> <span class='ocrx_word' id='word_1_252' title='bbox 1225 1923 1283 1965; x_wconf 90' lang='lat' dir='ltr'><em>ad</em></span> <span class='ocrx_word' id='word_1_253' title='bbox 1318 1923 1429 1966; x_wconf 78' lang='lat' dir='ltr'><em>hunc</em></span> <span class='ocrx_word' id='word_1_254' title='bbox 1468 1927 1658 1978; x_wconf 86' lang='lat' dir='ltr'><em>spectare</em></span> <span class='ocrx_word' id='word_1_255' title='bbox 1666 1937 1680 1975; x_wconf 94' lang='lat'><em>,·</em></span> <span class='ocrx_word' id='word_1_256' title='bbox 1709 1927 1938 1978; x_wconf 86' lang='lat' dir='ltr'><em>praeterea</em></span> 
     </span>
     <span class='ocr_line' id='line_1_26' title="bbox 212 1991 1938 2051; baseline 0 -17"><span class='ocrx_word' id='word_1_257' title='bbox 212 2024 222 2034; x_wconf 94' lang='lat'><em>.</em></span> <span class='ocrx_word' id='word_1_258' title='bbox 242 2025 249 2032; x_wconf 93' lang='lat'><em>.</em></span> <span class='ocrx_word' id='word_1_259' title='bbox 267 1991 487 2046; x_wconf 86' lang='lat' dir='ltr'><em>oncanius‚</em></span> <span class='ocrx_word' id='word_1_260' title='bbox 520 1991 631 2045; x_wconf 80' lang='lat' dir='ltr'><em>quod</em></span> <span class='ocrx_word' id='word_1_261' title='bbox 659 1994 869 2051; x_wconf 80' lang='lat' dir='ltr'><em>servatum</em></span> <span class='ocrx_word' id='word_1_262' title='bbox 898 1994 959 2034; x_wconf 87' lang='lat' dir='ltr'><em>est</em></span> <span class='ocrx_word' id='word_1_263' title='bbox 989 1995 1016 2034; x_wconf 90' lang='lat' dir='ltr'><em>t.</em></span> <span class='ocrx_word' id='word_1_264' title='bbox 1048 1995 1089 2043; x_wconf 88' lang='lat'><em>3,</em></span> <span class='ocrx_word' id='word_1_265' title='bbox 1132 1991 1190 2034; x_wconf 90' lang='lat' dir='ltr'><em>ad</em></span> <span class='ocrx_word' id='word_1_266' title='bbox 1216 2006 1367 2034; x_wconf 88' lang='lat' dir='ltr'><em>nomen</em></span> <span class='ocrx_word' id='word_1_267' title='bbox 1397 1994 1486 2035; x_wconf 88' lang='lat' dir='ltr'><em>eius</em></span> <span class='ocrx_word' id='word_1_268' title='bbox 1515 1992 1696 2035; x_wconf 82' lang='lat' dir='ltr'><em>hominis</em></span> <span class='ocrx_word' id='word_1_269' title='bbox 1722 1993 1938 2046; x_wconf 83' lang='lat' dir='ltr'><em>pertinere</em></span> 
     </span>
     <span class='ocr_line' id='line_1_27' title="bbox 210 2059 1937 2116; baseline 0.001 -15"><span class='ocrx_word' id='word_1_270' title='bbox 210 2059 441 2102; x_wconf 84' lang='lat' dir='ltr'><em>coniectum</em></span> <span class='ocrx_word' id='word_1_271' title='bbox 470 2063 542 2102; x_wconf 89' lang='lat' dir='ltr'><em>est.</em></span> <span class='ocrx_word' id='word_1_272' title='bbox 562 2084 621 2089; x_wconf 97' lang='lat'><strong>—</strong></span> <span class='ocrx_word' id='word_1_273' title='bbox 638 2059 700 2102; x_wconf 92' lang='lat' dir='ltr'><em>M.</em></span> <span class='ocrx_word' id='word_1_274' title='bbox 730 2059 759 2102; x_wconf 90' lang='lat' dir='ltr'><em>f.</em></span> <span class='ocrx_word' id='word_1_275' title='bbox 791 2063 820 2104; x_wconf 82' lang='lat' dir='ltr'><em>t.</em></span> <span class='ocrx_word' id='word_1_276' title='bbox 841 2063 881 2102; x_wconf 92' lang='lat'><em>1.</em></span> <span class='ocrx_word' id='word_1_277' title='bbox 923 2060 1061 2103; x_wconf 90' lang='lat' dir='ltr'><em>Tribu</em></span> <span class='ocrx_word' id='word_1_278' title='bbox 1091 2059 1286 2102; x_wconf 86' lang='lat' dir='ltr'><em>Voltinia</em></span> <span class='ocrx_word' id='word_1_279' title='bbox 1316 2064 1344 2103; x_wconf 87' lang='lat' dir='ltr'><em>t.</em></span> <span class='ocrx_word' id='word_1_280' title='bbox 1366 2064 1393 2102; x_wconf 86' lang='lat'><em>1</em></span> <span class='ocrx_word' id='word_1_281' title='bbox 1423 2061 1478 2114; x_wconf 81' lang='lat' dir='ltr'><em>cf.</em></span> <span class='ocrx_word' id='word_1_282' title='bbox 1511 2064 1539 2105; x_wconf 88' lang='lat' dir='ltr'><em>t.</em></span> <span class='ocrx_word' id='word_1_283' title='bbox 1560 2064 1588 2103; x_wconf 88' lang='lat'><em>3</em></span> <span class='ocrx_word' id='word_1_284' title='bbox 1618 2061 1803 2116; x_wconf 85' lang='lat' dir='ltr'><em>(origine</em></span> <span class='ocrx_word' id='word_1_285' title='bbox 1833 2068 1937 2116; x_wconf 91' lang='lat' dir='ltr'><em>puto</em></span> 
     </span>
     <span class='ocr_line' id='line_1_28' title="bbox 211 2128 1937 2183; baseline 0 -13"><span class='ocrx_word' id='word_1_286' title='bbox 211 2128 505 2183; x_wconf 82' lang='lat' dir='ltr'><em>Viennensis).</em></span> <span class='ocrx_word' id='word_1_287' title='bbox 545 2129 742 2171; x_wconf 84' lang='lat' dir='ltr'><em>Viennae</em></span> <span class='ocrx_word' id='word_1_288' title='bbox 773 2129 970 2172; x_wconf 89' lang='lat' dir='ltr'><em>omnibus</em></span> <span class='ocrx_word' id='word_1_289' title='bbox 1000 2128 1237 2172; x_wconf 88' lang='lat' dir='ltr'><em>honoribus</em></span> <span class='ocrx_word' id='word_1_290' title='bbox 1266 2129 1441 2172; x_wconf 86' lang='lat' dir='ltr'><em>functus</em></span> <span class='ocrx_word' id='word_1_291' title='bbox 1472 2133 1501 2174; x_wconf 90' lang='lat' dir='ltr'><em>t.</em></span> <span class='ocrx_word' id='word_1_292' title='bbox 1522 2133 1548 2172; x_wconf 87' lang='lat'><em>1</em></span> <span class='ocrx_word' id='word_1_293' title='bbox 1578 2130 1633 2183; x_wconf 83' lang='lat' dir='ltr'><em>cf.</em></span> <span class='ocrx_word' id='word_1_294' title='bbox 1654 2132 1684 2172; x_wconf 90' lang='lat' dir='ltr'><em>t.</em></span> <span class='ocrx_word' id='word_1_295' title='bbox 1705 2133 1749 2174; x_wconf 78' lang='lat'><em>2.</em></span> <span class='ocrx_word' id='word_1_296' title='bbox 1770 2132 1809 2172; x_wconf 86' lang='lat'><em>3.</em></span> <span class='ocrx_word' id='word_1_297' title='bbox 1849 2129 1937 2171; x_wconf 89' lang='lat' dir='ltr'><em>Ad·</em></span> 
     </span>
     <span class='ocr_line' id='line_1_29' title="bbox 209 2196 1938 2255; baseline 0 -16"><span class='ocrx_word' id='word_1_298' title='bbox 209 2196 347 2240; x_wconf 87' lang='lat' dir='ltr'><em>lectus</em></span> <span class='ocrx_word' id='word_1_299' title='bbox 377 2198 423 2239; x_wconf 92' lang='lat' dir='ltr'><em>in</em></span> <span class='ocrx_word' id='word_1_300' title='bbox 453 2196 763 2254; x_wconf 89' lang='lat' dir='ltr'><em>amplissimum</em></span> <span class='ocrx_word' id='word_1_301' title='bbox 794 2197 991 2240; x_wconf 88' lang='lat' dir='ltr'><em>ordinem</em></span> <span class='ocrx_word' id='word_1_302' title='bbox 1021 2199 1284 2240; x_wconf 88' lang='lat' dir='ltr'><em>senatorium</em></span> <span class='ocrx_word' id='word_1_303' title='bbox 1315 2201 1345 2240; x_wconf 87' lang='lat' dir='ltr'><em>t.</em></span> <span class='ocrx_word' id='word_1_304' title='bbox 1374 2201 1414 2240; x_wconf 93' lang='lat'><em>1.</em></span> <span class='ocrx_word' id='word_1_305' title='bbox 1444 2201 1487 2248; x_wconf 86' lang='lat'><em>2,</em></span> <span class='ocrx_word' id='word_1_306' title='bbox 1530 2199 1642 2240; x_wconf 88' lang='lat' dir='ltr'><em>inter</em></span> <span class='ocrx_word' id='word_1_307' title='bbox 1671 2199 1938 2255; x_wconf 87' lang='lat' dir='ltr'><em>quaestorios</em></span> 
     </span>
     <span class='ocr_line' id='line_1_30' title="bbox 211 2264 1742 2323; baseline 0.001 -15"><span class='ocrx_word' id='word_1_308' title='bbox 211 2269 240 2310; x_wconf 89' lang='lat' dir='ltr'><em>t.</em></span> <span class='ocrx_word' id='word_1_309' title='bbox 266 2269 310 2309; x_wconf 79' lang='lat'><em>2.</em></span> <span class='ocrx_word' id='word_1_310' title='bbox 359 2264 529 2308; x_wconf 83' lang='lat' dir='ltr'><em>Aedilis</em></span> <span class='ocrx_word' id='word_1_311' title='bbox 559 2265 744 2321; x_wconf 77' lang='lat' dir='ltr'><em>curulis3</em></span> <span class='ocrx_word' id='word_1_312' title='bbox 773 2272 971 2322; x_wconf 73' lang='lat' dir='ltr'><em>praetorz,</em></span> <span class='ocrx_word' id='word_1_313' title='bbox 1002 2265 1170 2321; x_wconf 88' lang='lat' dir='ltr'><em>legatus</em></span> <span class='ocrx_word' id='word_1_314' title='bbox 1199 2266 1452 2323; x_wconf 83' lang='lat' dir='ltr'><em>provinciae</em></span> <span class='ocrx_word' id='word_1_315' title='bbox 1482 2265 1613 2308; x_wconf 88' lang='lat' dir='ltr'><em>Asiae</em></span> <span class='ocrx_word' id='word_1_316' title='bbox 1645 2269 1672 2309; x_wconf 88' lang='lat' dir='ltr'><em>t.</em></span> <span class='ocrx_word' id='word_1_317' title='bbox 1698 2270 1742 2311; x_wconf 75' lang='lat'><em>2.</em></span> 
     </span>
    </p>

    <p class='ocr_par' dir='ltr' id='par_1_7' title="bbox 123 2334 1936 2530">
     <span class='ocr_line' id='line_1_31' title="bbox 123 2334 1936 2390; baseline -0.001 -12"><span class='ocrx_word' id='word_1_318' title='bbox 123 2335 208 2378; x_wconf 88' lang='lat'><em>564</em></span> <span class='ocrx_word' id='word_1_319' title='bbox 237 2341 282 2379; x_wconf 86' lang='lat' dir='ltr'><em>L.</em></span> <span class='ocrx_word' id='word_1_320' title='bbox 299 2340 469 2376; x_wconf 83' lang='lat' dir='ltr'><strong>IVNIVS</strong></span> <span class='ocrx_word' id='word_1_321' title='bbox 485 2340 787 2377; x_wconf 81' lang='lat' dir='ltr'><strong>VICTORINVS</strong></span> <span class='ocrx_word' id='word_1_322' title='bbox 810 2334 1092 2390; x_wconf 80' lang='lat' dir='ltr'><em>[F]L(AVIvs)</em></span> <span class='ocrx_word' id='word_1_323' title='bbox 1116 2341 1398 2377; x_wconf 84' lang='lat' dir='ltr'><strong>CAELIANVS</strong></span> <span class='ocrx_word' id='word_1_324' title='bbox 1419 2334 1526 2389; x_wconf 72' lang='lat' dir='ltr'><em>(pro</em></span> <span class='ocrx_word' id='word_1_325' title='bbox 1540 2341 1616 2378; x_wconf 87' lang='lat' dir='ltr'><em>FL.</em></span> <span class='ocrx_word' id='word_1_326' title='bbox 1634 2335 1824 2377; x_wconf 75' lang='lat' dir='ltr'><em>traditur</em></span> <span class='ocrx_word' id='word_1_327' title='bbox 1837 2336 1936 2389; x_wconf 84' lang='lat' dir='ltr'><em>EL),</em></span> 
     </span>
     <span class='ocr_line' id='line_1_32' title="bbox 208 2401 1936 2460; baseline -0.001 -15"><span class='ocrx_word' id='word_1_328' title='bbox 208 2403 377 2458; x_wconf 85' lang='lat' dir='ltr'><em>legatus</em></span> <span class='ocrx_word' id='word_1_329' title='bbox 398 2401 512 2458; x_wconf 88' lang='lat' dir='ltr'><em>Aug.</em></span> <span class='ocrx_word' id='word_1_330' title='bbox 537 2402 720 2457; x_wconf 87' lang='lat' dir='ltr'><em>legionis</em></span> <span class='ocrx_word' id='word_1_331' title='bbox 740 2403 806 2446; x_wconf 95' lang='lat' dir='ltr'><em>VI</em></span> <span class='ocrx_word' id='word_1_332' title='bbox 825 2403 1029 2445; x_wconf 89' lang='lat' dir='ltr'><em>Victricis</em></span> <span class='ocrx_word' id='word_1_333' title='bbox 1059 2418 1100 2460; x_wconf 90' lang='lat' dir='ltr'><em>p.</em></span> <span class='ocrx_word' id='word_1_334' title='bbox 1132 2402 1160 2444; x_wconf 88' lang='lat' dir='ltr'><em>f.</em></span> <span class='ocrx_word' id='word_1_335' title='bbox 1194 2403 1289 2446; x_wconf 90' lang='lat' dir='ltr'><em>VII</em></span> <span class='ocrx_word' id='word_1_336' title='bbox 1311 2406 1393 2446; x_wconf 84' lang='grc'><strong><em>940</em></strong></span> <span class='ocrx_word' id='word_1_337' title='bbox 1423 2404 1694 2459; x_wconf 81' lang='lat' dir='ltr'><em>(temporibus</em></span> <span class='ocrx_word' id='word_1_338' title='bbox 1712 2403 1936 2446; x_wconf 85' lang='lat' dir='ltr'><em>Hadriani</em></span> 
     </span>
     <span class='ocr_line' id='line_1_33' title="bbox 205 2470 1804 2530; baseline 0 -16"><span class='ocrx_word' id='word_1_339' title='bbox 205 2471 270 2514; x_wconf 86' lang='lat' dir='ltr'><em>vel</em></span> <span class='ocrx_word' id='word_1_340' title='bbox 298 2471 385 2522; x_wconf 90' lang='lat' dir='ltr'><em>Pii,</em></span> <span class='ocrx_word' id='word_1_341' title='bbox 415 2474 464 2514; x_wconf 86' lang='lat' dir='ltr'><em>ut</em></span> <span class='ocrx_word' id='word_1_342' title='bbox 485 2474 646 2526; x_wconf 86' lang='lat' dir='ltr'><em>putant</em></span> <span class='ocrx_word' id='word_1_343' title='bbox 675 2471 854 2514; x_wconf 88' lang='lat' dir='ltr'><em>editores</em></span> <span class='ocrx_word' id='word_1_344' title='bbox 882 2470 1094 2514; x_wconf 86' lang='lat' dir='ltr'><em>Britanni</em></span> <span class='ocrx_word' id='word_1_345' title='bbox 1114 2475 1294 2526; x_wconf 85' lang='lat' dir='ltr'><em>propter</em></span> <span class='ocrx_word' id='word_1_346' title='bbox 1323 2472 1508 2526; x_wconf 83' lang='lat' dir='ltr'><em>formam</em></span> <span class='ocrx_word' id='word_1_347' title='bbox 1536 2471 1804 2530; x_wconf 89' lang='lat' dir='ltr'><em>litterarum).</em></span> 
     </span>
    </p>

    <p class='ocr_par' dir='ltr' id='par_1_8' title="bbox 119 2539 1936 3006">
     <span class='ocr_line' id='line_1_34' title="bbox 119 2539 1936 2596; baseline -0.001 -12"><span class='ocrx_word' id='word_1_348' title='bbox 119 2541 202 2584; x_wconf 83' lang='lat'><em>565</em></span> <span class='ocrx_word' id='word_1_349' title='bbox 232 2546 374 2582; x_wconf 85' lang='lat' dir='ltr'><strong>IVNIA</strong></span> <span class='ocrx_word' id='word_1_350' title='bbox 403 2539 465 2583; x_wconf 90' lang='lat' dir='ltr'><em>M.</em></span> <span class='ocrx_word' id='word_1_351' title='bbox 494 2540 620 2582; x_wconf 87' lang='lat' dir='ltr'><em>Bruti</em></span> <span class='ocrx_word' id='word_1_352' title='bbox 651 2554 772 2582; x_wconf 89' lang='lat' dir='ltr'><em>soror</em></span> <span class='ocrx_word' id='word_1_353' title='bbox 802 2539 867 2595; x_wconf 90' lang='lat' dir='ltr'><em>(id</em></span> <span class='ocrx_word' id='word_1_354' title='bbox 896 2543 956 2583; x_wconf 85' lang='lat' dir='ltr'><em>est</em></span> <span class='ocrx_word' id='word_1_355' title='bbox 990 2543 1097 2582; x_wconf 87' lang='lat' dir='ltr'><em>nata</em></span> <span class='ocrx_word' id='word_1_356' title='bbox 1128 2540 1325 2591; x_wconf 80' lang='lat' dir='ltr'><em>Servilia,</em></span> <span class='ocrx_word' id='word_1_357' title='bbox 1356 2540 1492 2583; x_wconf 83' lang='lat' dir='ltr'><em>Bruti</em></span> <span class='ocrx_word' id='word_1_358' title='bbox 1522 2542 1670 2591; x_wconf 86' lang='lat' dir='ltr'><em>matre,</em></span> <span class='ocrx_word' id='word_1_359' title='bbox 1699 2541 1857 2596; x_wconf 73' lang='lat' dir='ltr'><em>yenita,</em></span> <span class='ocrx_word' id='word_1_360' title='bbox 1886 2543 1936 2583; x_wconf 92' lang='lat' dir='ltr'><em>ut</em></span> 
     </span>
     <span class='ocr_line' id='line_1_35' title="bbox 203 2607 1933 2664; baseline -0.001 -13"><span class='ocrx_word' id='word_1_361' title='bbox 203 2611 334 2663; x_wconf 85' lang='lat' dir='ltr'><em>putat</em></span> <span class='ocrx_word' id='word_1_362' title='bbox 360 2607 620 2663; x_wconf 74' lang='lat' dir='ltr'><em>Boryhesius</em></span> <span class='ocrx_word' id='word_1_363' title='bbox 651 2623 745 2664; x_wconf 86' lang='lat' dir='ltr'><em>opp.</em></span> <span class='ocrx_word' id='word_1_364' title='bbox 764 2611 791 2652; x_wconf 90' lang='lat'><em>5</em></span> <span class='ocrx_word' id='word_1_365' title='bbox 813 2623 862 2663; x_wconf 88' lang='lat' dir='ltr'><em>p.</em></span> <span class='ocrx_word' id='word_1_366' title='bbox 883 2611 977 2660; x_wconf 83' lang='lat'><em>178,</em></span> <span class='ocrx_word' id='word_1_367' title='bbox 1009 2607 1068 2651; x_wconf 90' lang='lat' dir='ltr'><em>D.</em></span> <span class='ocrx_word' id='word_1_368' title='bbox 1092 2608 1245 2652; x_wconf 82' lang='lat' dir='ltr'><em>Silano</em></span> <span class='ocrx_word' id='word_1_369' title='bbox 1275 2609 1440 2652; x_wconf 88' lang='lat' dir='ltr'><em>consule</em></span> <span class='ocrx_word' id='word_1_370' title='bbox 1469 2623 1508 2654; x_wconf 90' lang='lat' dir='ltr'><em>a.</em></span> <span class='ocrx_word' id='word_1_371' title='bbox 1529 2609 1645 2663; x_wconf 85' lang='grc'><strong><em>692),</em></strong></span> <span class='ocrx_word' id='word_1_372' title='bbox 1674 2609 1734 2651; x_wconf 89' lang='grc' dir='ltr'><em>Μ.</em></span> <span class='ocrx_word' id='word_1_373' title='bbox 1756 2608 1933 2651; x_wconf 88' lang='lat' dir='ltr'><em>Aemilii</em></span> 
     </span>
     <span class='ocr_line' id='line_1_36' title="bbox 204 2677 1930 2740; baseline 0 -20"><span class='ocrx_word' id='word_1_374' title='bbox 204 2677 360 2734; x_wconf 86' lang='lat' dir='ltr'><em>Lepidi</em></span> <span class='ocrx_word' id='word_1_375' title='bbox 401 2678 618 2720; x_wconf 89' lang='lat' dir='ltr'><em>triumviri</em></span> <span class='ocrx_word' id='word_1_376' title='bbox 658 2677 924 2740; x_wconf 79' lang='lat' dir='ltr'><em>reipublicae</em></span> <span class='ocrx_word' id='word_1_377' title='bbox 960 2677 1289 2720; x_wconf 84' lang='lat' dir='ltr'><em>constituendae</em></span> <span class='ocrx_word' id='word_1_378' title='bbox 1328 2692 1440 2720; x_wconf 86' lang='lat' dir='ltr'><em>uxor</em></span> <span class='ocrx_word' id='word_1_379' title='bbox 1470 2678 1571 2721; x_wconf 87' lang='lat' dir='ltr'><em>Vell.</em></span> <span class='ocrx_word' id='word_1_380' title='bbox 1601 2682 1645 2729; x_wconf 88' lang='grc'><em>2,</em></span> <span class='ocrx_word' id='word_1_381' title='bbox 1675 2681 1732 2720; x_wconf 88' lang='grc'><em>88</em></span> <span class='ocrx_word' id='word_1_382' title='bbox 1761 2678 1815 2732; x_wconf 88' lang='lat' dir='ltr'><em>cf.</em></span> <span class='ocrx_word' id='word_1_383' title='bbox 1845 2677 1930 2720; x_wconf 80' lang='lat' dir='ltr'><em>Cic.</em></span> 
     </span>
     <span class='ocr_line' id='line_1_37' title="bbox 207 2745 1932 2798; baseline 0 -10"><span class='ocrx_word' id='word_1_384' title='bbox 207 2746 266 2788; x_wconf 85' lang='lat' dir='ltr'><em>ad</em></span> <span class='ocrx_word' id='word_1_385' title='bbox 289 2745 382 2788; x_wconf 82' lang='lat' dir='ltr'><em>Att.</em></span> <span class='ocrx_word' id='word_1_386' title='bbox 403 2749 442 2797; x_wconf 90' lang='grc'><em>6,</em></span> <span class='ocrx_word' id='word_1_387' title='bbox 464 2749 502 2797; x_wconf 94' lang='grc'><em>1,</em></span> <span class='ocrx_word' id='word_1_388' title='bbox 524 2749 596 2789; x_wconf 79' lang='lat'><em>25.</em></span> <span class='ocrx_word' id='word_1_389' title='bbox 626 2750 692 2798; x_wconf 80' lang='lat'><em>14,</em></span> <span class='ocrx_word' id='word_1_390' title='bbox 713 2749 754 2798; x_wconf 88' lang='grc'><em>8,</em></span> <span class='ocrx_word' id='word_1_391' title='bbox 775 2750 813 2798; x_wconf 92' lang='grc'><em>1,</em></span> <span class='ocrx_word' id='word_1_392' title='bbox 845 2746 904 2789; x_wconf 83' lang='lat' dir='ltr'><em>ad</em></span> <span class='ocrx_word' id='word_1_393' title='bbox 930 2746 1058 2789; x_wconf 82' lang='lat' dir='ltr'><em>Brut.</em></span> <span class='ocrx_word' id='word_1_394' title='bbox 1080 2749 1118 2797; x_wconf 86' lang='lat'><em>1,</em></span> <span class='ocrx_word' id='word_1_395' title='bbox 1140 2750 1210 2790; x_wconf 75' lang='lat'><em>12.</em></span> <span class='ocrx_word' id='word_1_396' title='bbox 1232 2749 1299 2789; x_wconf 84' lang='lat'><em>13.</em></span> <span class='ocrx_word' id='word_1_397' title='bbox 1349 2746 1404 2789; x_wconf 91' lang='lat' dir='ltr'><em>A.</em></span> <span class='ocrx_word' id='word_1_398' title='bbox 1434 2762 1476 2791; x_wconf 92' lang='lat' dir='ltr'><em>u.</em></span> <span class='ocrx_word' id='word_1_399' title='bbox 1508 2761 1544 2791; x_wconf 83' lang='lat' dir='ltr'><em>e.</em></span> <span class='ocrx_word' id='word_1_400' title='bbox 1578 2747 1662 2790; x_wconf 87' lang='lat'><em>724</em></span> <span class='ocrx_word' id='word_1_401' title='bbox 1691 2761 1790 2789; x_wconf 84' lang='lat' dir='ltr'><em>cum</em></span> <span class='ocrx_word' id='word_1_402' title='bbox 1818 2746 1932 2788; x_wconf 87' lang='lat' dir='ltr'><em>filius</em></span> 
     </span>
     <span class='ocr_line' id='line_1_38' title="bbox 204 2813 1932 2872; baseline 0 -16"><span class='ocrx_word' id='word_1_403' title='bbox 204 2815 295 2857; x_wconf 90' lang='lat' dir='ltr'><em>eius</em></span> <span class='ocrx_word' id='word_1_404' title='bbox 324 2814 385 2857; x_wconf 89' lang='lat' dir='ltr'><em>M.</em></span> <span class='ocrx_word' id='word_1_405' title='bbox 406 2813 617 2857; x_wconf 83' lang='lat' dir='ltr'><em>Aemilius</em></span> <span class='ocrx_word' id='word_1_406' title='bbox 643 2815 838 2872; x_wconf 88' lang='lat' dir='ltr'><em>Lepidus</em></span> <span class='ocrx_word' id='word_1_407' title='bbox 870 2816 914 2857; x_wconf 93' lang='lat' dir='ltr'><em>in</em></span> <span class='ocrx_word' id='word_1_408' title='bbox 944 2815 1242 2858; x_wconf 88' lang='lat' dir='ltr'><em>coniuratione</em></span> <span class='ocrx_word' id='word_1_409' title='bbox 1270 2821 1421 2857; x_wconf 87' lang='lat' dir='ltr'><em>contra</em></span> <span class='ocrx_word' id='word_1_410' title='bbox 1441 2814 1671 2858; x_wconf 83' lang='lat' dir='ltr'><em>Caesarem</em></span> <span class='ocrx_word' id='word_1_411' title='bbox 1696 2815 1932 2872; x_wconf 90' lang='lat' dir='ltr'><em>deprensus</em></span> 
     </span>
     <span class='ocr_line' id='line_1_39' title="bbox 203 2883 1932 2939; baseline 0 -14"><span class='ocrx_word' id='word_1_412' title='bbox 203 2889 336 2938; x_wconf 88' lang='lat' dir='ltr'><em>esset,</em></span> <span class='ocrx_word' id='word_1_413' title='bbox 388 2889 431 2925; x_wconf 90' lang='lat' dir='ltr'><em>et</em></span> <span class='ocrx_word' id='word_1_414' title='bbox 472 2883 567 2939; x_wconf 89' lang='lat' dir='ltr'><em>ipsa</em></span> <span class='ocrx_word' id='word_1_415' title='bbox 605 2898 632 2925; x_wconf 88' lang='lat' dir='ltr'><em>a</em></span> <span class='ocrx_word' id='word_1_416' title='bbox 670 2883 921 2926; x_wconf 85' lang='lat' dir='ltr'><em>Maecenate</em></span> <span class='ocrx_word' id='word_1_417' title='bbox 964 2890 1167 2926; x_wconf 86' lang='lat' dir='ltr'><em>accusata</em></span> <span class='ocrx_word' id='word_1_418' title='bbox 1216 2890 1301 2939; x_wconf 88' lang='lat' dir='ltr'><em>est,</em></span> <span class='ocrx_word' id='word_1_419' title='bbox 1350 2883 1427 2926; x_wconf 89' lang='lat' dir='ltr'><em>sed</em></span> <span class='ocrx_word' id='word_1_420' title='bbox 1466 2900 1493 2926; x_wconf 87' lang='lat' dir='ltr'><em>a</em></span> <span class='ocrx_word' id='word_1_421' title='bbox 1531 2883 1716 2927; x_wconf 85' lang='lat' dir='ltr'><em>Balbino</em></span> <span class='ocrx_word' id='word_1_422' title='bbox 1757 2883 1932 2927; x_wconf 89' lang='lat' dir='ltr'><em>consule</em></span> 
     </span>
     <span class='ocr_line' id='line_1_40' title="bbox 202 2950 889 3009; baseline 0.004 -17"><span class='ocrx_word' id='word_1_423' title='bbox 202 2950 380 3009; x_wconf 82' lang='lat' dir='ltr'><em>dimissa</em></span> <span class='ocrx_word' id='word_1_424' title='bbox 407 2951 598 3006; x_wconf 62' lang='lat' dir='ltr'><em>Affian.</em></span> <span class='ocrx_word' id='word_1_425' title='bbox 630 2952 668 2995; x_wconf 84' lang='lat' dir='ltr'><em>b.</em></span> <span class='ocrx_word' id='word_1_426' title='bbox 696 2966 730 2995; x_wconf 90' lang='lat' dir='ltr'><em>c.</em></span> <span class='ocrx_word' id='word_1_427' title='bbox 755 2956 794 3003; x_wconf 90' lang='lat'><em>4,</em></span> <span class='ocrx_word' id='word_1_428' title='bbox 821 2955 889 2996; x_wconf 88' lang='lat'><em>50.</em></span> 
     </span>
    </p>

    <p class='ocr_par' dir='ltr' id='par_1_9' title="bbox 116 2992 1930 3346">
     <span class='ocr_line' id='line_1_41' title="bbox 116 2992 1930 3075; baseline 0 -13"><span class='ocrx_word' id='word_1_429' title='bbox 116 2992 200 3062; x_wconf 88' lang='grc'><em>566</em></span> <span class='ocrx_word' id='word_1_430' title='bbox 230 3025 374 3061; x_wconf 82' lang='lat' dir='ltr'><strong>IVNIA</strong></span> <span class='ocrx_word' id='word_1_431' title='bbox 413 3019 573 3063; x_wconf 84' lang='lat' dir='ltr'><em>Cretici</em></span> <span class='ocrx_word' id='word_1_432' title='bbox 613 3019 749 3063; x_wconf 86' lang='lat' dir='ltr'><em>Silani</em></span> <span class='ocrx_word' id='word_1_433' title='bbox 790 3019 836 3074; x_wconf 91' lang='lat' dir='ltr'><em>(i.</em></span> <span class='ocrx_word' id='word_1_434' title='bbox 868 3035 900 3065; x_wconf 87' lang='lat' dir='ltr'><em>e.</em></span> <span class='ocrx_word' id='word_1_435' title='bbox 937 3021 984 3075; x_wconf 77' lang='lat' dir='ltr'><em>Q.</em></span> <span class='ocrx_word' id='word_1_436' title='bbox 1023 3020 1203 3064; x_wconf 83' lang='lat' dir='ltr'><em>Caecilii</em></span> <span class='ocrx_word' id='word_1_437' title='bbox 1244 3020 1413 3063; x_wconf 88' lang='lat' dir='ltr'><em>Metelli</em></span> <span class='ocrx_word' id='word_1_438' title='bbox 1454 3020 1614 3063; x_wconf 80' lang='lat' dir='ltr'><em>Cretici</em></span> <span class='ocrx_word' id='word_1_439' title='bbox 1651 3020 1798 3064; x_wconf 81' lang='lat' dir='ltr'><em>Silani</em></span> <span class='ocrx_word' id='word_1_440' title='bbox 1835 3034 1930 3062; x_wconf 87' lang='lat' dir='ltr'><em>con-</em></span> 
     </span>
     <span class='ocr_line' id='line_1_42' title="bbox 199 3086 1930 3146; baseline 0.001 -17"><span class='ocrx_word' id='word_1_441' title='bbox 199 3086 305 3130; x_wconf 86' lang='lat' dir='ltr'><em>sulis</em></span> <span class='ocrx_word' id='word_1_442' title='bbox 333 3101 374 3130; x_wconf 90' lang='lat' dir='ltr'><em>a.</em></span> <span class='ocrx_word' id='word_1_443' title='bbox 396 3102 446 3142; x_wconf 84' lang='lat' dir='ltr'><em>p.</em></span> <span class='ocrx_word' id='word_1_444' title='bbox 472 3087 576 3131; x_wconf 79' lang='lat' dir='ltr'><em>Chr.</em></span> <span class='ocrx_word' id='word_1_445' title='bbox 601 3088 641 3143; x_wconf 90' lang='lat'><em>7)</em></span> <span class='ocrx_word' id='word_1_446' title='bbox 671 3088 771 3144; x_wconf 88' lang='lat' dir='ltr'><em>filia,</em></span> <span class='ocrx_word' id='word_1_447' title='bbox 805 3089 1019 3146; x_wconf 89' lang='lat' dir='ltr'><em>desponsa</em></span> <span class='ocrx_word' id='word_1_448' title='bbox 1047 3089 1210 3131; x_wconf 86' lang='lat' dir='ltr'><em>Neroni</em></span> <span class='ocrx_word' id='word_1_449' title='bbox 1241 3088 1417 3131; x_wconf 84' lang='lat' dir='ltr'><em>Caesari</em></span> <span class='ocrx_word' id='word_1_450' title='bbox 1449 3090 1696 3133; x_wconf 80' lang='lat' dir='ltr'><em>Germanici</em></span> <span class='ocrx_word' id='word_1_451' title='bbox 1727 3089 1814 3131; x_wconf 92' lang='lat' dir='ltr'><em>filio</em></span> <span class='ocrx_word' id='word_1_452' title='bbox 1846 3090 1930 3130; x_wconf 88' lang='lat' dir='ltr'><em>iam</em></span> 
     </span>
     <span class='ocr_line' id='line_1_43' title="bbox 201 3155 1931 3212; baseline 0 -15"><span class='ocrx_word' id='word_1_453' title='bbox 201 3170 240 3197; x_wconf 89' lang='lat' dir='ltr'><em>a.</em></span> <span class='ocrx_word' id='word_1_454' title='bbox 265 3155 316 3198; x_wconf 87' lang='lat'><em>17</em></span> <span class='ocrx_word' id='word_1_455' title='bbox 353 3156 452 3199; x_wconf 82' lang='lat' dir='ltr'><em>Tac.</em></span> <span class='ocrx_word' id='word_1_456' title='bbox 473 3171 514 3199; x_wconf 91' lang='lat' dir='ltr'><em>a.</em></span> <span class='ocrx_word' id='word_1_457' title='bbox 534 3159 578 3207; x_wconf 80' lang='lat'><em>2,</em></span> <span class='ocrx_word' id='word_1_458' title='bbox 597 3160 664 3199; x_wconf 84' lang='grc'><em>43.</em></span> <span class='ocrx_word' id='word_1_459' title='bbox 724 3157 945 3212; x_wconf 88' lang='lat' dir='ltr'><em>Defuncta</em></span> <span class='ocrx_word' id='word_1_460' title='bbox 975 3161 1201 3212; x_wconf 84' lang='lat' dir='ltr'><em>antequam</em></span> <span class='ocrx_word' id='word_1_461' title='bbox 1227 3158 1423 3207; x_wconf 84' lang='lat' dir='ltr'><em>nuberet,</em></span> <span class='ocrx_word' id='word_1_462' title='bbox 1459 3161 1557 3199; x_wconf 79' lang='lat' dir='ltr'><em>teste</em></span> <span class='ocrx_word' id='word_1_463' title='bbox 1588 3157 1709 3198; x_wconf 80' lang='lat' dir='ltr'><em>titulo</em></span> <span class='ocrx_word' id='word_1_464' title='bbox 1741 3156 1808 3198; x_wconf 91' lang='lat' dir='ltr'><em>VI</em></span> <span class='ocrx_word' id='word_1_465' title='bbox 1829 3159 1931 3198; x_wconf 79' lang='lat'><em>914:</em></span> 
     </span>
     <span class='ocr_line' id='line_1_44' title="bbox 200 3223 1929 3282; baseline -0.001 -16"><span class='ocrx_word' id='word_1_466' title='bbox 200 3224 328 3266; x_wconf 86' lang='lat' dir='ltr'><em>Iunia</em></span> <span class='ocrx_word' id='word_1_467' title='bbox 353 3223 489 3267; x_wconf 87' lang='lat' dir='ltr'><em>Silani</em></span> <span class='ocrx_word' id='word_1_468' title='bbox 521 3224 579 3279; x_wconf 88' lang='lat' dir='ltr'><em>[f.,</em></span> <span class='ocrx_word' id='word_1_469' title='bbox 610 3225 784 3282; x_wconf 83' lang='lat' dir='ltr'><em>spoana</em></span> <span class='ocrx_word' id='word_1_470' title='bbox 813 3226 998 3268; x_wconf 87' lang='lat' dir='ltr'><em>Neronis</em></span> <span class='ocrx_word' id='word_1_471' title='bbox 1029 3225 1258 3280; x_wconf 86' lang='lat' dir='ltr'><em>Caes[aris]</em></span> <span class='ocrx_word' id='word_1_472' title='bbox 1291 3258 1414 3268; x_wconf 90' lang='lat'><em>.....</em></span> <span class='ocrx_word' id='word_1_473' title='bbox 1431 3258 1441 3280; x_wconf 83' lang='lat'><em>,</em></span> <span class='ocrx_word' id='word_1_474' title='bbox 1474 3226 1548 3279; x_wconf 77' lang='lat' dir='ltr'><em>qui</em></span> <span class='ocrx_word' id='word_1_475' title='bbox 1575 3225 1739 3266; x_wconf 71' lang='lat' dir='ltr'><em>videtur</em></span> <span class='ocrx_word' id='word_1_476' title='bbox 1768 3225 1929 3266; x_wconf 74' lang='lat' dir='ltr'><em>stetisse</em></span> 
     </span>
     <span class='ocr_line' id='line_1_45' title="bbox 198 3292 602 3346; baseline 0.005 -13"><span class='ocrx_word' id='word_1_477' title='bbox 198 3293 246 3334; x_wconf 83' lang='lat' dir='ltr'><em>in</em></span> <span class='ocrx_word' id='word_1_478' title='bbox 273 3292 464 3346; x_wconf 86' lang='lat' dir='ltr'><em>sepulcro</em></span> <span class='ocrx_word' id='word_1_479' title='bbox 494 3292 602 3335; x_wconf 84' lang='lat' dir='ltr'><em>eius.</em></span> 
     </span>
    </p>

    <p class='ocr_par' dir='ltr' id='par_1_10' title="bbox 114 3359 1928 3419">
     <span class='ocr_line' id='line_1_46' title="bbox 114 3359 1928 3419; baseline -0.001 -16"><span class='ocrx_word' id='word_1_480' title='bbox 114 3359 197 3404; x_wconf 86' lang='lat'><em>567</em></span> <span class='ocrx_word' id='word_1_481' title='bbox 228 3366 370 3402; x_wconf 85' lang='lat' dir='ltr'><strong>IVNIA</strong></span> <span class='ocrx_word' id='word_1_482' title='bbox 392 3361 516 3416; x_wconf 88' lang='lat' dir='ltr'><em>virgo</em></span> <span class='ocrx_word' id='word_1_483' title='bbox 537 3361 738 3419; x_wconf 82' lang='lat' dir='ltr'><em>Vestalis,</em></span> <span class='ocrx_word' id='word_1_484' title='bbox 760 3362 916 3405; x_wconf 87' lang='lat' dir='ltr'><em>adfinis</em></span> <span class='ocrx_word' id='word_1_485' title='bbox 935 3362 1130 3404; x_wconf 85' lang='lat' dir='ltr'><em>Fanniae</em></span> <span class='ocrx_word' id='word_1_486' title='bbox 1151 3361 1344 3404; x_wconf 89' lang='lat' dir='ltr'><em>Helvidii</em></span> <span class='ocrx_word' id='word_1_487' title='bbox 1366 3362 1504 3404; x_wconf 89' lang='lat' dir='ltr'><em>Prisci</em></span> <span class='ocrx_word' id='word_1_488' title='bbox 1527 3361 1641 3403; x_wconf 85' lang='lat' dir='ltr'><em>Plin.</em></span> <span class='ocrx_word' id='word_1_489' title='bbox 1665 3375 1728 3414; x_wconf 84' lang='lat' dir='ltr'><em>ep.</em></span> <span class='ocrx_word' id='word_1_490' title='bbox 1751 3364 1788 3411; x_wconf 90' lang='lat'><em>7,</em></span> <span class='ocrx_word' id='word_1_491' title='bbox 1804 3363 1870 3411; x_wconf 88' lang='grc'><em>19,</em></span> <span class='ocrx_word' id='word_1_492' title='bbox 1888 3364 1928 3402; x_wconf 93' lang='grc'><strong><em>1.</em></strong></span> 
     </span>
    </p>
   </div>
  </div>
 </body>
</html>
