2190 3724
107 320 289 359 FVRIVS
972 312 1051 358 101
1730 313 1912 354 FVRIVS

191 452 375 507 scriptus
404 451 474 495 VI
485 455 593 494 1611
622 455 662 494 et
692 451 750 494 ad
778 451 899 494 aliud
928 450 1219 507 apoyraphum
1238 451 1361 495 Rom.
1385 450 1533 493 Mitth.
1554 452 1664 493 1890
1685 464 1734 504 p.
1754 452 1808 492 91
1839 448 1916 504 (2).

197 520 363 564 Nomen
396 521 579 564 servavit
617 523 646 562 t.
675 523 726 572 1,·
765 555 775 564 .
799 553 808 562 .
835 535 886 562 us
924 519 1214 562 Timesitheus
1253 522 1282 562 t.
1314 523 1346 563 2
1383 519 1556 574 (Timis-
1597 518 1779 562 alterum
1817 531 1919 572 apo-

192 589 434 645 9raphum),
473 589 701 632 Misitheus
730 589 802 631 vit.
837 588 969 632 Gord.
1001 588 1202 644 (Mysith-
1233 592 1302 639 24,
1332 588 1394 643 2),
1426 587 1679 630 Timesicles
1710 586 1917 636 Zosimus,
1947 617 1950 619 -

196 657 460 701 Timesocles
481 657 693 702 Zonaras.
735 657 986 700 Praefectus
1007 657 1195 699 cohortis
1217 658 1383 714 primae
1403 656 1598 702 Gallicae
1618 657 1665 698 in
1684 655 1920 712 Hispania3

196 733 452 783 procurator
484 727 663 769 rationis
702 727 898 783 privatae
934 740 1013 784 per
1041 725 1262 781 Belgicam
1293 732 1336 768 et
1364 725 1474 768 duas
1503 725 1781 780 Germanias,
1823 737 1922 780 pro-

197 802 371 838 curator
396 796 647 852 provinciae
675 794 864 838 Arabiae
894 794 955 837 ibi
980 796 1076 837 vice
1105 794 1315 852 praesidis
1343 795 1422 850 bis,
1455 801 1708 852 procurator
1738 795 1783 836 in
1812 791 1922 835 urbe

196 864 402 919 magister
431 865 662 906 vicesimae
693 863 764 918 (cf.
784 862 1036 917 Hirschfeld
1064 863 1194 906 Verw,
1215 867 1241 906 1
1262 878 1311 918 p.
1334 867 1388 906 66
1413 867 1500 907 not.
1520 863 1564 919 4)
1594 863 1743 919 ibique
1766 861 1924 916 logista

199 931 416 988 thymelae
446 932 520 988 (cf.
549 931 802 986 Hirschfeld
830 931 857 973 l.
889 945 923 974 c.
955 946 1005 985 p.
1036 931 1146 985 185),
1186 938 1440 988 procurator
1479 932 1729 989 provinciae
1769 930 1923 986 Syriae

198 1000 470 1043 Palaestinae
509 1000 656 1057 ibique
697 1007 874 1043 exactor
912 999 1181 1056 reliquorum
1220 1015 1418 1043 annonae
1455 1016 1604 1044 sacrae
1635 999 1923 1057 expeditionis

199 1069 379 1125 (videtur
407 1069 595 1125 intelleyi
623 1069 775 1112 bellum
804 1068 1023 1111 Persicum
1045 1069 1193 1112 Severi
1210 1069 1481 1124 Alexandri),
1506 1071 1602 1112 vice
1632 1069 1924 1126 procuratoris

199 1139 445 1195 patrimonii
485 1139 734 1194 provinciae
770 1137 974 1192 Belgicae
1015 1144 1058 1179 et
1100 1137 1285 1180 duarum
1323 1139 1678 1192 Germaniarum,
1725 1137 1786 1179 ibi
1829 1138 1924 1178 vice

199 1207 411 1264 praesidis
464 1208 714 1263 provinciae
764 1206 1026 1250 Germaniae
1076 1206 1314 1261 inferioris,
1367 1213 1624 1263 procurator
1675 1206 1925 1262 provinciae

200 1274 435 1330 Bithyniae
464 1275 593 1316 Ponti
622 1273 946 1330 Paphlagoniae
973 1280 1061 1316 tam
1091 1276 1340 1331 patrimonii
1361 1290 1491 1331 quam
1521 1275 1699 1317 rationis
1730 1274 1926 1330 privatae

200 1343 347 1400 ibique
366 1344 464 1385 vice
489 1344 780 1398 procuratoris
800 1342 1157 1399 quadragesimae
1178 1344 1515 1399 (portoriorum),
1547 1349 1802 1399 procurator
1830 1356 1926 1398 pro-

199 1414 371 1455 vinciae
398 1412 531 1454 Asiae
568 1411 718 1468 ibique
745 1413 841 1454 vice
872 1412 1200 1468 (procuratoris)
1231 1413 1462 1455 vicesimae
1498 1418 1541 1454 et
1570 1411 1927 1469 quadragesimae

201 1482 391 1538 itemque
415 1483 512 1523 vice
541 1480 823 1538 proconsulis,
855 1488 1109 1538 procurator
1130 1483 1380 1538 provinciae
1399 1481 1707 1536 Lugdunensis
1729 1487 1772 1522 et
1791 1479 1926 1536 Aqui-

202 1552 370 1593 tanicae
400 1554 428 1595 t.
449 1554 489 1593 1.
538 1551 645 1595 Eius
675 1549 806 1592 filiam
839 1565 1021 1592 uxorem
1051 1550 1180 1592 duxit
1208 1550 1458 1593 Gordianus
1488 1550 1756 1604 adulescens,
1788 1550 1927 1606 prius-

202 1635 333 1676 quam
353 1620 410 1662 ad
430 1619 591 1662 bellum
611 1620 834 1661 Persicum
854 1619 1200 1675 proficisceretur
1219 1620 1291 1662 vit.
1311 1619 1445 1664 Gora.
1456 1623 1526 1670 23,
1544 1623 1581 1670 6,
1605 1619 1799 1662 Zosimus
1809 1621 1847 1668 1,
1861 1621 1926 1668 17,

203 1689 401 1731 Zonaras
420 1692 490 1739 12,
512 1691 568 1730 18
594 1687 726 1744 (hunc
751 1687 949 1742 intelleyi,
980 1687 1077 1730 licet
1106 1689 1332 1742 scriptores
1360 1703 1511 1731 nomen
1545 1687 1785 1731 Timesithei
1811 1687 1930 1728 varie

203 1757 480 1812 corruperint,
510 1757 617 1799 vidit
634 1756 797 1799 Eckhel
818 1759 846 1798 7
862 1771 912 1811 p.
933 1755 1044 1811 318),
1077 1770 1189 1799 anno
1219 1760 1269 1798 ut
1295 1757 1462 1799 videtur
1490 1760 1575 1800 241
1595 1757 1667 1812 (cf.
1688 1756 1766 1798 sub
1786 1755 1930 1797 Furia

201 1825 388 1869 Sabinia
439 1824 782 1880 Tranquillina),·
830 1824 1105 1867 doctissimus
1155 1825 1245 1881 vir,
1297 1840 1426 1881 quem
1479 1840 1610 1867 causa
1659 1824 1930 1881 eloquentiae

203 1894 384 1950 dignum
422 1893 645 1951 parentela
684 1908 762 1935 sua
800 1895 972 1950 putavit
1011 1893 1261 1938 Gordianus
1299 1895 1373 1938 vit.
1413 1893 1547 1938 Gord.
1589 1893 1615 1935 l.
1648 1907 1705 1949 c.,
1747 1897 1827 1936 τῶν
1867 1893 1931 1935 ἐπὶ

201 1964 403 2007 παιδεύσει
433 1965 653 2022 διαβοήτων
682 1963 780 2019 ἀνὴρ
811 1962 1019 2004 Zosimus.
1076 1962 1327 2004 Praefectus
1357 1963 1574 2019 praetorio
1605 1962 1744 2004 factus
1775 1977 1802 2003 a
1821 1960 1930 2004 Gor-

170 2074 183 2077 -
201 2031 329 2075 diano
364 2032 420 2076 ib.
480 2031 767 2085 Praefectura
804 2030 971 2073 videtur
1007 2032 1240 2074 memorari
1275 2035 1303 2073 t.
1334 2035 1367 2074 2
1401 2029 1602 2084 (alterum
1637 2030 1930 2086 apoyraphum

199 2101 335 2157 praef.
366 2101 601 2158 praetorio,
635 2099 817 2142 alterum
848 2135 858 2144 .
877 2132 888 2142 .
903 2106 1036 2141 AEFF
1064 2106 1295 2142 PRETOLL
1325 2107 1488 2156 MMVV,
1528 2104 1577 2142 ut
1614 2103 1773 2143 certum
1800 2100 1858 2142 sit
1886 2100 1932 2141 in

203 2169 326 2212 titulo
369 2170 502 2224 fuisse
548 2167 736 2226 [pr]aeff.
787 2175 924 2225 praet.
976 2183 1125 2211 eemm.
1170 2184 1241 2212 vv.
1254 2202 1265 2224 ,
1316 2169 1427 2212 unde
1469 2170 1759 2212 Mommsenus
1804 2168 1929 2210 Rom.

206 2237 355 2280 Mitth.
376 2238 403 2280 l.
425 2252 460 2280 c.
486 2237 651 2293 colleqit
686 2237 979 2280 Timesitheum
998 2252 1082 2292 per
1108 2237 1284 2292 aliquod
1311 2241 1471 2293 tempus
1499 2238 1697 2281 habuisse
1730 2238 1932 2292 eolleyam

203 2305 250 2349 in
280 2307 583 2362 praefectura;
620 2306 805 2360 fortasse
839 2306 1113 2349 Timesitheus
1143 2321 1226 2361 per
1253 2306 1427 2361 aliquod
1455 2311 1616 2362 tempus
1644 2308 1754 2350 vices
1790 2309 1933 2361 eyerat

204 2375 523 2430 praefectorum
542 2375 768 2429 praetorio
788 2375 1211 2417 eminentissimorum
1239 2375 1458 2430 virorum).
1499 2377 1722 2420 Generum
1742 2374 1932 2419 consiliis

205 2444 385 2487 adiuvat
411 2445 485 2486 vit.
514 2443 648 2487 Gord.
680 2443 708 2486 l.
736 2457 795 2495 c.;
822 2443 1018 2486 Zosimus
1047 2443 1271 2499 (epistulae
1301 2445 1391 2486 eius
1421 2444 1480 2487 ad
1505 2444 1775 2488 Gordianum
1800 2447 1839 2486 et
1867 2444 1931 2486 in-

204 2514 335 2556 vicem
371 2514 575 2566 ficticiae,
615 2513 689 2555 vit.
728 2512 862 2556 Gord.
890 2516 962 2556 24.
990 2512 1078 2566 25).
1138 2512 1285 2569 Opera
1324 2514 1415 2555 eius
1456 2515 1501 2555 in
1535 2513 1648 2557 bello
1679 2514 1854 2556 Persico
1892 2519 1934 2555 et

207 2583 406 2637 egregiae
426 2582 728 2638 dispositiones
747 2582 819 2623 vit.
844 2579 976 2623 Gord.
998 2583 1069 2631 27,
1091 2583 1146 2632 2,·
1164 2582 1236 2631 28,
1257 2584 1312 2632 2,·
1334 2581 1491 2624 Zosim.
1514 2585 1552 2633 1,
1575 2585 1642 2624 18.
1672 2582 1872 2624 Honores
1894 2582 1932 2622 ei

207 2649 368 2692 decreti
389 2666 415 2692 a
438 2657 590 2693 senatu
609 2650 681 2692 vit.
705 2649 839 2692 Gord.
859 2652 930 2700 27,
953 2652 979 2692 9
998 2663 1080 2703 seq.
1102 2649 1170 2704 (de
1187 2650 1461 2704 inscriptione
1489 2651 1630 2694 relata
1651 2665 1680 2693 a
1701 2650 1932 2706 biographo

208 2718 262 2773 cf.
294 2718 544 2773 Hirschfeld
572 2718 704 2762 Verw.
735 2719 769 2761 I
780 2733 840 2773 p„
859 2718 974 2772 237).
1043 2717 1230 2760 Moritur
1258 2719 1331 2761 vit.
1366 2718 1500 2762 Gord.
1530 2722 1603 2771 28,
1635 2719 1793 2764 Zosim.
1825 2719 1851 2762 l.
1883 2734 1930 2771 c.,

207 2787 368 2830 Zonar.
393 2787 419 2829 l.
440 2802 487 2839 c.,
521 2793 748 2844 ‘quantum
776 2786 973 2844 plerique
1003 2786 1157 2829 dicunt
1185 2786 1349 2830 artibus
1369 2787 1575 2845 Philippi,
1607 2790 1682 2845 qui
1708 2795 1808 2846 post
1836 2804 1934 2831 eum

208 2855 453 2912 praefectus
475 2858 689 2913 praetorio
710 2862 776 2898 est
794 2855 947 2912 factus,
970 2862 1019 2898 ut
1039 2855 1111 2898 alii
1131 2856 1297 2899 morbo²
1320 2858 1393 2899 vit.
1412 2857 1546 2900 Gord.
1564 2857 1590 2899 l.
1608 2871 1656 2908 c.,
1678 2857 1837 2900 herede
1852 2858 1934 2899 Ro-

206 2939 336 2967 mana
366 2939 454 2982 rep.
482 2925 553 2976 ib„
585 2940 699 2968 anno
723 2925 808 2968 243
834 2926 891 2969 ib.
912 2928 984 2976 29,
1001 2928 1040 2967 1.
1084 2925 1356 2967 Memoratur
1377 2926 1449 2971 vit.
1478 2926 1612 2969 Gord.
1632 2929 1700 2977 31,
1722 2930 1770 2977 1,·
1798 2929 1869 2976 32,
1895 2929 1932 2967 7.

122 2993 209 3036 406
237 2994 396 3036 Furius
427 2993 688 3037 Saturninus
708 2993 917 3037 Volesum
946 2993 1178 3036 Messalam
1207 2994 1444 3049 (consulem
1474 3011 1512 3039 a.
1538 3012 1580 3053 p.
1603 2995 1652 3039 C.
1677 2996 1721 3050 5)
1754 3010 1809 3037 ex
1839 3008 1935 3050 pro-

211 3062 438 3105 consulatu
466 3062 599 3106 Asiae
627 3078 752 3105 reum
782 3063 1088 3106 condemnavit
1108 3063 1271 3107 Seneca
1300 3067 1431 3107 contr.
1467 3068 1504 3115 7,
1526 3068 1564 3116 6,
1586 3069 1650 3108 22
1678 3065 1733 3118 cf.
1768 3063 1866 3106 Tae.
1893 3077 1932 3104 a.

209 3133 249 3182 3,
276 3133 343 3173 68.
403 3131 545 3174 Maius
584 3147 742 3174 nomen
781 3131 933 3174 habuit
967 3132 1013 3173 in
1052 3132 1145 3175 foro
1175 3147 1305 3189 quam
1337 3133 1382 3174 in
1412 3131 1819 3186 declamationibus3
1859 3130 1934 3172 sed

210 3197 376 3241 solebat
405 3205 549 3242 tamen
579 3200 821 3243 declamare
852 3200 1014 3244 Seneca
1043 3200 1069 3245 l.
1102 3214 1136 3244 c.

125 3267 208 3310 407
239 3274 280 3309 P.
301 3273 481 3310 vavs
503 3274 829 3314 sATVRmVS.
867 3268 1000 3312 Tituli
1019 3268 1177 3312 Dacica·
1195 3270 1378 3312 111943
1397 3270 1469 3325 (1).
1500 3273 1608 3311 1171
1627 3268 1702 3323 (2).
1731 3270 1842 3309 1177
1859 3266 1934 3323 (3).

211 3338 323 3390 1412
341 3355 398 3371 =
417 3336 507 3379 III
520 3336 568 3380 S.
591 3340 704 3381 7902
723 3338 936 3393 (4).1460
956 3338 1029 3393 (5).
1074 3337 1239 3381 Nomen
1250 3338 1426 3393 plenum
1446 3338 1639 3381 exhibent
1660 3340 1687 3379 t.
1710 3340 1748 3378 1.
1770 3340 1813 3380 2.
1833 3339 1872 3380 3.
1893 3338 1933 3387 5,

211 3404 261 3447 P.
290 3404 341 3450 F.
371 3404 416 3448 S.
448 3408 478 3447 t.
506 3408 547 3448 4.
606 3406 799 3461 Legatus
828 3421 908 3464 pro
938 3421 1003 3462 pr.
1035 3406 1200 3449 Daciae
1235 3410 1262 3451 t.
1294 3409 1400 3459 2-5,
1436 3421 1549 3449 anno
1580 3406 1657 3448 161
1701 3408 1730 3449 t.
1760 3408 1813 3456 2,
1852 3403 1924 3459 leg
