2202 3724
285 326 475 360 LICINIA
1142 320 1224 360 288
1882 327 2081 363 LICINVS

288 455 368 496 186
398 455 566 496 Licinia
587 453 816 496 Marcella:
849 454 1118 509 dispensatoi
1140 455 1231 495 eius
1264 454 1464 497 V19334.
1514 455 1719 498 Fortasse
1736 457 1897 510 femina
1914 457 2081 500 nobilis.

287 523 366 564 187
397 523 566 564 Licinia
595 522 778 563 Paulina
807 521 895 563 filia
915 523 965 565 T.
987 522 1144 563 Licinii
1170 521 1384 594 Hieroclis
1415 522 1624 578 praesidis
1654 523 1950 567 Mauretaniae
1977 525 2082 569 Cae-

370 591 569 631 sariensis
599 605 636 633 a.
660 590 742 632 227
776 588 846 642 (cf.
877 590 953 631 sub
976 591 1135 644 patre).

298 682 354 687 —
395 665 550 698 AELIA
581 664 772 699 LICINIA
803 664 1016 700 PETILIA.

286 725 365 766 188
397 725 448 766 L
438 726 567 766 icinia
595 725 738 767 Polla:
769 739 857 767 ecus
882 725 1056 767 libertus
1078 724 1125 767 C.
1148 725 1341 768 Licinius
1363 726 1581 769 Iucundus
1612 727 1679 769 VI
1691 730 1847 772 21270.
1879 727 2084 770 Fortasse

366 794 525 847 femina
553 794 722 837 nobilis.

288 862 367 902 189
399 863 626 915 (LICINIA)
673 868 1061 917 PRAETEXTATA,
1110 861 1255 904 Crassi
1298 862 1378 918 fil.‚
1425 864 1587 918 v(i1go)
1628 862 1852 918 V(estalis)
1896 864 2084 906 maxima

369 929 514 971 titulus
533 931 722 972 urbanus
745 930 844 972 bull.
867 944 1026 972 coniun.
1046 934 1155 973 1883
1175 945 1222 985 p.
1244 934 1329 974 215
1356 946 1398 973 n.
1420 934 1518 974 612.
1565 931 1689 974 Filia
1709 935 1817 986 puto
1839 932 1904 974 M.
1927 931 2087 974 Licinii

370 996 514 1039 Grassi
551 998 693 1053 Fruyi
728 998 910 1041 consulis
943 1013 989 1053 1).
1019 998 1064 1042 G.
1087 1002 1139 1040 64
1169 1002 1207 1041 el
1238 999 1455 1053 Sulpiciae
1484 999 1796 1043 Praeteoetatae.
1855 1000 2085 1055 (Liciniam

370 1066 524 1108 (liciam
564 1081 648 1109 csse
686 1081 770 1109 non
811 1070 966 1109 certum
1003 1067 1077 1109 sed
1110 1067 1338 1121 probabile
1379 1071 1460 1119 est;
1506 1069 1672 1110 omnino
1719 1068 1885 1110 diversa
1922 1067 2086 1109 videtur

363 1133 599 1188 Calpurnia
629 1135 906 1177 Praetextata
936 1138 975 1177 el
1004 1136 1099 1189 ipsa
1127 1136 1244 1190 virqo
1276 1135 1454 1178 Vestalis
1483 1136 1683 1190 maxima,
1714 1138 1817 1178 nota
1846 1150 1897 1178 ex
1925 1134 2084 1178 tabella

368 1217 498 1244 aenea
544 1203 612 1245 VI
642 1206 774 1253 2146,
820 1203 931 1256 quod
975 1207 1286 1246 monumentum
1332 1204 1497 1246 videtur
1546 1217 1632 1247 esse
1671 1204 1825 1246 aetatis
1865 1203 2083 1258 aliquanto

367 1270 640 1325 recentioris).
1475 1285 1477 1287 '

285 1339 367 1381 190
396 1345 588 1380 LICINIA
626 1345 855 1381 PROOVLA
897 1339 1134 1381 clarissima
1173 1339 1336 1382 femina
1375 1340 1521 1382 titulus
1552 1343 1796 1394 protomae,
1833 1339 2000 1382 Romae
2037 1341 2086 1381 ut

367 1407 531 1449 violetur
557 1422 644 1462 rep.
677 1406 812 1463 (CIL.
845 1407 913 1449 VI
935 1407 1063 1463 adel).

285 1476 362 1517 191
396 1482 587 1517 LICINIA
627 1475 932 1530 VIC[T]ORINA
974 1475 1058 1530 [Q]
1096 1475 1147 1530 f.,
1196 1475 1434 1518 clarissima
1472 1476 1632 1518 femina
1671 1476 1762 1530 (secl
1788 1491 1876 1531 pro
1913 1482 1939 1519 G
1970 1483 2000 1518 F
2038 1476 2086 1518 in

371 1544 510 1598 lapide
549 1544 698 1586 lectum
735 1547 796 1586 est
835 1550 861 1585 C
888 1545 946 1599 Ι),
989 1545 1119 1588 Gavii
1164 1544 1388 1587 Saturnini
1432 1544 1694 1587 clarissimae
1731 1545 1965 1587 memoriae
1999 1543 2085 1586 viri

370 1626 480 1654 uxor
500 1612 737 1668 (Hispellae
757 1613 1005 1655 vocabulum
1025 1613 1135 1654 inter
1157 1618 1183 1654 O
1206 1619 1223 1653 I
1251 1615 1289 1654 et
1317 1626 1465 1655 nomen
1494 1614 1643 1655 mariti
1671 1613 1974 1667 interpositum,
2004 1625 2084 1666 quo

367 1681 582 1734 pertineat
613 1681 849 1734 obscurum)
882 1684 909 1722 t.
940 1680 1158 1734 Hispellas
1186 1680 1266 1722 XI
1286 1683 1411 1723 5270.

287 1748 366 1790 192
397 1754 546 1789 LVCIA
577 1755 769 1790 LICINIA
798 1755 1003 1790 VRBANA
1044 1748 1304 1790 clarissimae
1343 1749 1576 1791 memoriae
1606 1748 1785 1804 femina,
1827 1763 1938 1806 quae
1972 1749 2086 1791 vixit

369 1818 492 1858 annis
523 1817 633 1859 XVI
663 1816 815 1859 diebus
845 1817 1064 1871 XXVIII,
1098 1832 1219 1859 soror
1248 1817 1437 1859 Marciae
1467 1817 1647 1859 Tarriae
1676 1816 1872 1860 Plotinae
1902 1816 2080 1859 clarissi-

365 1899 460 1926 mae
489 1885 719 1927 memoriae
750 1884 934 1926 feminae
964 1888 991 1929 t.
1012 1886 1203 1927 urbanus
1226 1885 1324 1929 bull.
1351 1885 1567 1927 coniunale
1586 1888 1693 1928 1880
1713 1900 1764 1940 p.
1784 1889 1843 1928 24
1870 1899 1912 1930 n.
1933 1888 2024 1929 185.

284 1976 365 2017 193
395 1976 573 2017 Licinus
614 1973 691 2028 (sie
721 1975 938 2030 trisyllabe
967 1976 1158 2018 Iuvenal.
1189 1980 1261 2026 14,
1292 1979 1373 2018 306
1413 1979 1451 2018 et
1483 1976 1712 2019 versiculus
1749 1977 1795 2019 in
1830 1975 1998 2019 scholiis
2028 1975 2087 2018 ad

370 2044 485 2086 Pers.
519 2048 562 2094 2,
596 2048 661 2094 36,
705 2044 901 2086 Licinius
941 2044 1099 2086 codices
1139 2047 1358 2086 auctorum
1387 2058 1546 2098 prosae
1586 2046 1796 2088 orationes
1836 2047 1911 2087 aut
1947 2057 2085 2086 omnes

369 2115 443 2153 aut
472 2126 611 2166 paene
652 2112 828 2166 onines),
871 2112 1023 2156 Gallus
1065 2113 1283 2169 captivus,
1326 2127 1474 2155 servus
1507 2112 1704 2156 Caesaris
1745 2113 1966 2156 dictatoris
1995 2111 2084 2154 Dio

368 2182 432 2230 54,
456 2184 514 2223 21
545 2181 619 2234 (ex
650 2181 882 2224 Germania
912 2196 1021 2236 puer
1051 2187 1200 2237 captus
1227 2181 1389 2223 scholia
1418 2181 1565 2223 Vallae
1587 2181 1644 2224 ad
1664 2182 1807 2225 Iuven.
1828 2184 1907 2224 sat.
1928 2183 1966 2231 1,
1988 2183 2083 2230 109,

366 2249 441 2290 ubi
480 2249 653 2290 additur
690 2249 1018 2291 narratiuncula
1056 2249 1256 2302 quonioclo
1297 2263 1347 2291 ex
1376 2250 1581 2291 conservis
1619 2251 1708 2292 suis
1747 2252 1962 2303 quaestum
2001 2248 2086 2291 sibi

369 2318 611 2373 pepereriO,
644 2316 698 2358 ab
731 2317 880 2359 eodem
910 2318 1197 2359 manumissus
1227 2316 1315 2359 Dio
1347 2317 1372 2359 l.
1405 2331 1437 2359 c.
1470 2315 1584 2368 (item
1613 2317 1771 2373 schol),
1802 2316 1857 2359 ab
1885 2317 2083 2372 Augusto

369 2385 503 2426 multo
534 2387 578 2426 in
609 2385 770 2427 honore
791 2386 962 2428 habitus
984 2385 1099 2429 Suet.
1121 2385 1232 2440 Auy.
1253 2389 1319 2436 67,
1350 2385 1405 2427 ab
1428 2400 1564 2442 eoque
1586 2385 1848 2428 tributorum
1870 2385 2084 2428 exactioni

372 2454 415 2494 in
446 2452 589 2494 Gallia
627 2455 896 2510 praepositus
926 2454 1013 2496 Dio
1045 2454 1070 2496 l.
1103 2468 1135 2497 c.
1168 2454 1391 2510 (ἐπίτροπον
1422 2468 1514 2496 eum
1544 2454 1784 2508 appellans,
1821 2454 1876 2508 cf.
1906 2453 2084 2496 Hirsch-

369 2521 458 2574 felcl
486 2521 612 2563 Verio.
636 2537 684 2576 p.
705 2525 796 2565 282
824 2526 910 2564 not.
932 2523 989 2576 1).
1034 2522 1233 2564 Avaritia
1254 2523 1344 2564 eius
1366 2529 1409 2563 et
1432 2522 1606 2565 illicitae
1627 2523 1871 2565 exactiones
1890 2521 1979 2565 Dio
2000 2521 2026 2564 l.
2048 2534 2082 2566 e.

374 2589 623 2643 ‘Luguduni
669 2590 814 2631 multis
855 2592 979 2632 annis
1024 2591 1238 2645 regnavit’
1287 2591 1449 2634 Seneca
1493 2604 1610 2645 apoc.
1647 2594 1685 2635 6.
1745 2589 2084 2647 Oonquestiones

371 2656 593 2700 Gallorum
629 2658 683 2699 de
724 2673 771 2700 eo
811 2658 926 2714 apud
965 2658 1212 2713 Augustum
1252 2674 1289 2701 a.
1323 2659 1404 2701 739
1443 2658 1531 2701 Dio
1564 2659 1590 2715 l,
1622 2672 1655 2701 c.
1725 2659 1914 2701 Patrono
1955 2672 2086 2715 opera

370 2724 589 2767 inchoanti
630 2740 806 2780 magnas
846 2728 1049 2782 pecunias
1081 2727 1247 2769 confert
1279 2727 1476 2771 Macrob.
1505 2730 1585 2770 sal.
1615 2730 1659 2777 2,
1690 2731 1736 2777 4,
1758 2730 1817 2770 24
1846 2726 1982 2780 (‘cum
2009 2725 2085 2768 fla-

369 2799 515 2847 graret
543 2793 718 2844 invidia,
750 2794 972 2837 basilicam
1002 2795 1082 2837 sub
1114 2796 1286 2837 nomine
1307 2794 1356 2837 C.
1386 2795 1486 2837 Iulii
1514 2794 1772 2837 aedificavit?
1804 2794 1930 2837 schol.
1957 2794 2083 2849 Ina).

370 2861 569 2902 Decessit
609 2862 688 2915 sub
719 2862 894 2904 Tiberio
933 2863 1058 2907 schol.
1089 2864 1180 2907 Iuv.
1214 2863 1239 2905 l.
1272 2877 1306 2905 c.
1376 2862 1631 2918 Sepulcrum
1671 2863 1762 2904 eius
1802 2862 1859 2905 ad
1896 2861 2085 2919 lapidem

371 2929 604 2971 secundum
644 2931 742 2971 viae
782 2931 973 2973 Salariae
1012 2931 1240 2985 magnifice
1281 2937 1525 2973 extructum
1565 2931 1691 2973 schol.
1723 2930 1837 2973 Pith.
1878 2930 1937 2973 ad
1963 2930 2082 2974 Pers.

370 3000 449 3039 sat.
480 3001 524 3048 2,
553 3000 607 3039 36
637 2998 690 3051 cf.
719 2999 946 3041 versiculus
977 2999 1163 3042 Varroni
1191 3000 1373 3042 tributus
1402 3000 1447 3041 in
1481 2999 1650 3042 scholiis
1680 2999 1820 3041 citatis
1850 2997 2085 3054 (Baehrens

371 3065 487 3107 Poet.
509 3066 605 3109 Lat.
627 3067 726 3109 min.
750 3067 781 3107 I
787 3066 877 3120 Vp.
895 3069 987 3123 64);
1017 3068 1174 3109 ‘Licini
1204 3074 1432 3109 marmora'
1458 3067 1659 3110 Martial.
1679 3069 1719 3118 8,
1740 3070 1779 3117 3,
1801 3070 1839 3109 6.
1880 3066 2085 3109 Fortasse

372 3134 514 3176 liberti
542 3134 651 3176 eius:
682 3133 730 3176 C.
761 3134 898 3176 Iulius
927 3135 1068 3176 Licini
1099 3135 1126 3177 l.
1158 3135 1411 3191 Tyrrhenus
1445 3135 1513 3178 VI
1524 3138 1675 3186 20311,
1709 3167 1718 3177 .
1742 3167 1751 3177 .
1782 3133 1918 3177 Iulius
1942 3133 2083 3176 Licini

371 3201 398 3246 l.
447 3201 632 3244 Inachus
680 3202 787 3244 XII
826 3206 942 3246 4892
987 3203 1237 3257 (Narbone).
1325 3203 1585 3260 Exemplum
1637 3202 1889 3259 praedivitis
1937 3201 2083 3244 liberti

371 3269 560 3312 Juvenal.
592 3273 670 3312 sat.
704 3274 741 3320 1,
772 3273 852 3312 169
883 3272 936 3324 cf.
968 3271 1085 3314 Pers.
1117 3275 1196 3315 sat.
1223 3276 1267 3322 2,
1297 3274 1351 3314 35
1361 3285 1374 3323 ;
1404 3271 1565 3315 Seneca
1592 3286 1653 3325 ep.
1684 3273 1777 3321 118,
1810 3273 1850 3313 9.
1879 3273 1976 3320 120,
2006 3272 2060 3312 19
2070 3282 2084 3321 ;

369 3338 511 3380 Iuven.
532 3342 596 3389 14,
619 3342 701 3381 306
711 3352 724 3390 ,·
756 3338 956 3382 Sidonius
976 3339 1118 3393 Apoll.
1141 3355 1203 3394 ep.
1224 3343 1262 3390 5,
1286 3343 1323 3383 7.
1371 3339 1549 3382 Claudii
1572 3339 1766 3382 libertum
1787 3338 1897 3380 male
1915 3337 2085 3391 faciunt

372 3406 533 3450 scholia
563 3407 621 3450 acl
648 3407 741 3450 Iuv.
767 3411 847 3450 sat.
868 3410 933 3458 14,
954 3410 1058 3459 306,·
1089 3411 1295 3451 tonsorem
1323 3408 1449 3451 schol.
1471 3407 1586 3450 Pith.
1615 3407 1672 3450 ad
1699 3406 1819 3451 Pers.
1839 3410 1881 3457 2,
1902 3408 1968 3450 36.
