2202 3724
160 302 363 338 MAGNVS
1022 298 1105 340 325
1706 304 1967 372 MALLONIA

171 458 217 464 —
247 439 325 476 GN.
355 439 603 476 POMPEIVS
634 439 853 476 MAGNVS.

159 527 216 532 -—
246 508 287 544 C.
318 507 601 544 POMPONIVS
632 508 851 544 MAGNVS.

159 571 214 613 82
244 570 396 624 Mago:
438 569 482 612 id
522 585 678 612 nomen
718 571 792 612 uni
828 585 883 612 ex
921 571 1058 613 servis
1098 570 1256 613 indidit
1292 571 1471 614 Mettius
1502 571 1816 628 Pompusianus
1849 570 1966 614 Suet.

244 638 405 681 Domit.
437 642 503 680 10.

162 730 214 737 -
244 706 292 749 P.
323 706 527 761 Magnius
556 707 695 750 Rufus
724 707 1025 762 Magonianus.

158 775 213 817 83
244 775 516 817 *MAIANIVS
537 781 729 817 GALLVS
746 776 947 817 triumvir
962 790 1060 817 aere
1077 782 1256 830 argento
1273 791 1380 818 auro
1395 775 1540 818 flando
1557 775 1755 818 feriundo
1775 789 1967 818 nummus

244 857 397 885 aeneus
427 844 607 886 barbari
636 845 786 898 moeris,
818 858 887 898 ap.
909 843 1103 887 Babelon
1125 846 1343 887 monnaies
1372 845 1422 887 de
1452 845 1497 887 la
1520 859 1609 900 rep.
1629 845 1820 887 romaine
1850 845 1905 886 II
1915 859 1964 899 p.

242 914 335 953 168.
387 911 544 954 Nullus
572 913 657 966 fnit
686 913 757 967 (cf.
788 911 949 955 Eckhel
975 915 1015 963 5,
1046 913 1171 968 241);
1207 927 1357 956 nomen
1394 914 1496 956 vitio
1534 913 1689 968 fabrili
1721 916 1965 968 corruptum

242 993 293 1021 ex
321 981 488 1022 nomine
524 979 570 1024 Ο.
601 979 750 1022 Asinii
784 980 908 1023 Galli
937 981 1150 1023 triumviri
1177 981 1412 1027 monetalis.

156 1071 214 1076 -
244 1053 352 1090 SEX.
380 1054 545 1090 IVLIVS
575 1054 750 1093 MAIOR.

155 1140 212 1146 —-
241 1115 380 1159 Iulius
411 1116 553 1159 Maior
580 1116 841 1159 Antoninus.

155 1208 213 1213 -—
241 1191 294 1228 M.
322 1191 487 1226 IVLIVS
517 1191 680 1227 MAIOR
708 1190 1045 1227 MAXIMLANVS.

158 1277 209 1282 ——
242 1251 301 1296 M.
329 1253 481 1295 Iunius
511 1253 673 1295 Iuncus
702 1253 844 1295 Maior
874 1252 955 1306 (vel
980 1253 1151 1306 maior).

155 1345 210 1350 —
241 1326 282 1362 C.
316 1326 555 1363 SABVCIVS
585 1326 748 1363 MAIOR
779 1326 1127 1363 CAECILIANVS.

154 1413 211 1418 —
242 1394 284 1431 C.
315 1395 553 1431 SABVCIVS
584 1395 748 1431 MAIOR
778 1395 1022 1431 PLOTINVS
1053 1395 1344 1432 FAVSTINVS.

154 1458 210 1499 84
240 1456 459 1512 Malchus,
505 1472 584 1500 rex
619 1457 817 1501 Arabum
857 1458 1202 1514 Nabataeorum,
1249 1474 1287 1501 a.
1328 1458 1410 1501 708
1453 1457 1618 1501 auxilia
1656 1459 1900 1515 postulatur
1938 1475 1964 1502 a

241 1525 426 1569 Caesare
446 1526 656 1569 dictatore
670 1526 964 1569 Alexandriae
983 1526 1168 1581 degente
1189 1527 1282 1570 bell.
1302 1527 1426 1570 Alex.
1446 1530 1486 1569 1.
1516 1527 1571 1572 A.
1589 1528 1672 1571 714
1692 1528 1964 1571 inruentibus

240 1595 425 1645 Parthis,
457 1595 677 1638 Herodem
707 1595 939 1652 profugum
969 1609 1056 1638 non
1086 1596 1240 1652 recipit
1268 1595 1434 1650 Ioseph.
1466 1596 1559 1638 bell.
1590 1599 1630 1647 1,
1650 1600 1715 1648 14,
1737 1600 1776 1639 1.
1797 1601 1841 1647 2,
1875 1601 1962 1640 ant.

237 1666 303 1714 14,
321 1667 386 1714 14,
405 1668 440 1707 1.
458 1668 502 1708 2.
548 1665 740 1721 Propter·
750 1665 999 1708 societatem
1022 1679 1120 1707 cum
1138 1664 1310 1707 Parthis
1331 1665 1484 1707 initam
1503 1680 1530 1707 a
1543 1665 1749 1708 Ventidio
1779 1667 1964 1722 pecunia

239 1731 445 1775 multatur
472 1733 561 1776 Dio
590 1737 658 1784 48,
688 1738 755 1776 41.
813 1733 885 1777 Ab
914 1733 1105 1777 Antonio
1146 1735 1270 1790 regni
1307 1741 1430 1791 parte
1459 1735 1659 1790 privatur
1687 1734 1776 1777 Dio
1806 1737 1873 1785 49,
1903 1738 1964 1778 32

238 1802 292 1855 cf.
315 1801 480 1856 Ioseph.
498 1802 590 1845 bell.
609 1806 646 1853 1,
664 1805 730 1853 18,
745 1805 811 1854 35,
835 1802 952 1845 Plut.
969 1803 1128 1847 Anton.
1143 1806 1198 1846 36
1219 1802 1494 1859 (Cleopatrae
1517 1805 1659 1858 gratia
1679 1804 1962 1860 interemptus

238 1870 402 1925 Ioseph.
436 1871 529 1914 bell.
561 1875 609 1922 1,
640 1875 716 1923 22,
746 1875 774 1914 3
803 1871 974 1926 errore).
1044 1871 1096 1915 A.
1131 1872 1213 1914 723
1243 1871 1431 1914 Antonio
1470 1871 1634 1915 auxilia
1672 1872 1803 1914 mittit
1841 1871 1960 1914 Plut.

235 1938 338 1980 Ant.
370 1941 437 1981 61.
506 1938 675 1982 Bellum
715 1940 829 1995 gerit
868 1955 965 1982 cum
1002 1939 1179 1982 Herode
1215 1939 1380 1995 Ioseph.
1414 1941 1507 1984 bell.
1537 1945 1576 1992 1,
1607 1944 1676 1992 19,
1707 1944 1794 1985 ant.
1825 1943 1889 1992 15,
1921 1944 1959 1984 5.

239 2007 446 2062 Hyrcano
491 2007 709 2063 refugium
751 2007 967 2065 pollicitus
1012 2023 1104 2051 esse
1148 2008 1376 2051 dicebatur
1426 2008 1572 2066 paullo
1622 2016 1720 2066 post
1769 2023 1961 2066 pugnam

233 2073 458 2117 Actiacam
477 2075 641 2130 Ioseph.
664 2079 751 2118 ant.
772 2079 837 2127 15,
859 2080 897 2127 6,
919 2080 962 2120 2.
983 2080 1023 2121 3.
1053 2101 1111 2106 -
1139 2076 1208 2119 De
1238 2078 1586 2132 inscriptionibus
1614 2077 1887 2121 Aramaeicis
1916 2079 1962 2120 in

237 2143 389 2198 quibus
416 2144 570 2186 mentio
595 2145 648 2199 fit
677 2144 848 2187 Malchi
874 2146 998 2200 regis,
1030 2146 1085 2199 cf.
1117 2147 1192 2188 sub
1225 2160 1271 2189 eo
1301 2147 1375 2200 qai
1399 2147 1599 2200 sequitur.

149 2213 204 2255 85
235 2211 433 2254 Malchus
473 2211 682 2269 (Μαλίχας
712 2213 902 2268 peripl.)‚
947 2228 1025 2255 rex
1062 2213 1257 2256 Arabum
1290 2214 1633 2257 Nabataeorum:
1676 2215 1767 2257 eius
1799 2214 1963 2258 auxilia

235 2295 348 2323 anno
368 2281 456 2324 67
444 2296 490 2323 ιιι
510 2283 707 2325 exercitu
727 2282 906 2325 Iudaico
922 2283 1180 2340 Vespasiani
1196 2284 1361 2339 Ioseph.
1385 2284 1478 2328 bell.
1498 2287 1538 2335 3,
1559 2287 1599 2334 4,
1620 2288 1664 2328 2.
1694 2284 1962 2327 Memoratur

237 2349 378 2403 (sedes
408 2351 531 2404 regni
562 2352 654 2393 eius
682 2351 830 2405 Petra)
860 2351 1110 2406 Anonymus
1130 2352 1288 2407 peripl.
1319 2353 1454 2395 maris
1472 2353 1709 2407 Erythraei
1735 2353 1768 2408 ἕ
1789 2356 1856 2404 19,
1890 2367 1959 2408 ap.

238 2418 423 2461 Mueller
450 2419 602 2474 Geoyr.
630 2419 784 2463 Graec.
815 2421 916 2462 min.
948 2421 983 2462 I
994 2435 1042 2475 p.
1061 2423 1163 2464 272.
1196 2446 1248 2451 -
1287 2421 1432 2463 Huius
1460 2421 1655 2463 videntur
1686 2435 1771 2464 esse
1801 2423 1962 2464 nwmmi

232 2488 400 2530 nomine
435 2488 607 2531 Malchi
640 2489 753 2543 reyis
785 2488 1040 2532 Aramaeice
1075 2490 1292 2544 inscripti,
1332 2491 1387 2543 cf.
1429 2490 1479 2532 cle
1509 2489 1649 2545 Voyue'
1683 2504 1806 2533 revue
1843 2504 1957 2535 num.

231 2569 274 2597 n.
306 2569 338 2598 s.
369 2559 436 2607 13,
467 2558 578 2599 1868
601 2571 650 2611 p.
671 2560 764 2600 166.
824 2558 933 2600 Item
970 2557 1097 2600 huius
1124 2558 1294 2612 potius,
1335 2573 1463 2612 quam
1502 2559 1592 2601 eius
1618 2559 1695 2613 qui
1722 2559 1957 2614 praecedit,

231 2625 337 2666 anni
372 2628 660 2667 memorantur
694 2626 740 2667 in
779 2626 1128 2680 inscriptionibus
1160 2626 1416 2669 Aramaeice
1443 2628 1614 2682 scriptis
1644 2628 1885 2671 extantibus
1913 2629 1959 2671 in

230 2705 358 2746 reyno
405 2692 630 2735 Nabataeo
674 2693 841 2748 (Voyue'
883 2694 1009 2749 Syrie
1052 2694 1257 2746 centrale,
1306 2695 1435 2738 inser.
1474 2696 1607 2738 semit.
1638 2710 1686 2750 p.
1718 2700 1809 2738 103.
1854 2700 1938 2739 107
1943 2710 1957 2748 ;

231 2759 394 2815 Eutinq
422 2761 721 2804 nabataeische
749 2762 1009 2817 Inschriften
1038 2777 1117 2806 aas
1137 2763 1334 2806 Arabien
1353 2779 1403 2818 p.
1425 2763 1595 2818 61-68).
1644 2764 1766 2807 Idem
1793 2765 1958 2808 videtur

229 2828 496 2871 statuendum
526 2829 575 2872 de
603 2830 878 2885 inscriptione
906 2831 1169 2874 Aramaeica
1202 2833 1336 2874 musei
1366 2832 1658 2887 Neapolitani,
1690 2833 1881 2876 Puteolis
1910 2838 1957 2877 nt

230 2896 394 2939 videtur
426 2901 596 2952 reperta
625 2896 796 2950 (Renan
825 2899 1007 2954 jowrnal
1043 2900 1252 2954 asiatique
1280 2914 1359 2944 ser.
1391 2904 1418 2943 7
1444 2901 1523 2944 vol.
1553 2905 1597 2952 2,
1629 2904 1738 2945 1873
1757 2917 1805 2957 p.
1836 2905 1953 2958 382).

230 2964 404 3007 Annum
431 2966 554 3019 reqni
581 2967 725 3022 attigit
753 2971 861 3010 certe
888 2969 1127 3011 vicesimum
1157 2970 1347 3021 tertium,
1390 2973 1490 3013 teste
1526 2984 1714 3021 nummo,
1757 2970 1806 3013 de
1838 2971 1956 3013 cuius

232 3033 404 3076 lectione
431 3034 525 3077 vide
551 3034 803 3078 Gutschmid
828 3050 896 3091 ap.
926 3036 1091 3092 Eutinq
1121 3037 1146 3080 l.
1179 3051 1212 3082 c.
1235 3053 1283 3092 p.
1305 3040 1373 3080 86.
1431 3038 1657 3081 Successor
1686 3040 1775 3081 eius
1803 3053 1954 3082 memo-

229 3104 355 3143 ratur
390 3103 437 3144 in
473 3103 748 3158 inscriptione
777 3118 904 3158 quafm
929 3106 1120 3160 positam
1150 3109 1311 3161 putant
1350 3120 1462 3149 anno
1492 3110 1551 3150 72
1590 3106 1663 3160 (cf.
1691 3107 1813 3160 infra
1850 3120 1883 3151 s.
1914 3121 1952 3149 v.

229 3169 400 3225 Rabel),
421 3171 486 3212 ita
503 3174 551 3212 at
570 3173 809 3226 reynavisse
823 3173 1045 3228 putandus
1064 3174 1121 3217 sit
1141 3178 1249 3217 certe
1269 3175 1324 3217 ab
1346 3189 1387 3217 a.
1402 3178 1456 3218 49
1474 3173 1546 3229 (cf.
1572 3174 1823 3218 Gutschmid
1840 3175 1867 3220 l.
1884 3177 1951 3231 c.).

143 3262 200 3267 —
231 3236 397 3292 [Aelius
407 3237 445 3292 ‘?]
474 3237 750 3295 Malli[anus].

143 3306 199 3348 86
229 3304 403 3348 Mallius
434 3305 584 3349 Chilo:
614 3308 800 3363 epistula
829 3308 1054 3352 Aureliani
1085 3310 1142 3353 ad
1173 3325 1270 3353 eum
1299 3311 1371 3355 vit.
1392 3310 1624 3353 Aureliani
1641 3314 1711 3362 23,
1733 3314 1773 3354 4.
1791 3313 1830 3354 5.

141 3398 200 3404 -
229 3380 282 3416 M.
313 3373 594 3430 IVN(1vs)(?)
624 3381 868 3420 VESTINVS
898 3384 1072 3421 MALLo
1104 3411 1143 3421 ..
1161 3411 1171 3421 .
1189 3411 1200 3421 .
1230 3384 1483 3423 ROMANVS.
