2202 3724
284 283 504 319 MAECIVS
1146 273 1229 315 320
1859 277 2079 314 MAEOIVS

370 414 477 456 alter
514 424 666 453 veneno
709 409 953 462 interfectus
991 409 1049 451 sit
1092 408 1121 450 a
1161 407 1415 458 Caracalla,
1467 406 1576 449 alter
1617 421 1645 448 a
1690 406 1924 450 Caracalla
1964 407 2093 450 morti

370 482 601 524 destinatus
631 478 676 519 in
702 490 872 531 yraveni
901 477 1093 519 morbum
1122 475 1351 530 inciderit).
1375 500 1427 505 —
1453 475 1554 517 Non
1584 474 1769 517 diversus
1799 476 1880 518 erit
1897 475 2091 518 Maecius

367 551 527 591 Laetus
558 546 635 599 (sie
665 544 746 587 IX
761 547 887 594 4972,
922 544 1142 599 [Mae]cius
1174 577 1183 587 .
1204 578 1212 586 .
1231 577 1240 586 .
1276 543 1344 585 VI
1358 546 1479 593 1987,
1503 542 1755 597 plerumque
1784 543 1963 596 Laetus)
1994 558 2091 585 con-

370 616 436 658 sul
466 616 510 657 ΙΙ
541 612 794 666 (iterationis
822 615 925 654 nota
954 615 1070 655 extat
1099 613 1187 655 III
1197 615 1315 654 1063.
1334 614 1454 654 5185.
1487 611 1556 654 VI
1567 614 1692 655 2130.
1712 614 1836 654 3002.
1868 611 1948 653 IX
1962 615 2090 654 4972.

369 683 494 728 XIV
505 685 595 725 122
624 685 662 723 et
691 681 860 735 saepius
889 681 936 736 in
956 681 1044 723 eod.
1067 681 1187 731 Iust.,
1220 680 1427 723 omittitur
1458 679 1580 722 VIII
1598 682 1717 723 5505.
1748 679 1826 721 IX
1843 682 1951 722 1609
1979 682 2018 722 et
2045 680 2092 721 in

371 754 581 807 fastorum
621 749 856 799 latereulis,
897 749 1108 791 interdum
1149 749 1277 791 etiarn
1312 749 1358 790 in
1388 747 1476 790 eod.
1506 748 1632 802 Iust.)
1671 747 1760 789 ord.
1801 762 1838 790 a.
1870 749 1953 790 215
1994 762 2090 789 cum

371 819 492 863 Sulla
513 817 681 862 Ceriale
701 817 818 870 fasti,
847 816 990 859 consul
1010 818 1163 859 iterum
1183 820 1292 871 puto
1323 816 1459 859 dietus
1491 816 1539 858 ob
1572 818 1820 858 ornamenta
1849 816 2093 859 consularia

370 890 416 930 in
437 887 716 942 praefectura
735 885 952 939 praetorii
980 888 1165 939 accepta.

285 969 341 1011 44
370 967 629 1022 M(A)ECIVS
653 970 860 1006 MANNVS
893 964 1155 1006 clarissimus
1174 965 1265 1006 vir:
1298 964 1385 1006 eius
1408 977 1556 1006 nomen
1577 963 1709 1017 (Meci
1730 963 1880 1005 Manni
1901 977 1937 1005 c.
1957 963 2018 1016 v.)
2046 962 2094 1004 in

371 1036 544 1078 lucerna
563 1034 683 1087 siyno
705 1032 872 1075 Christi
892 1036 1046 1075 ornata
1069 1032 1168 1087 leyit
1189 1032 1237 1074 de
1257 1032 1387 1074 Rossi
1405 1031 1546 1074 Roma
1565 1034 1659 1075 sott.
1682 1031 1771 1074 III
1780 1046 1827 1085 p.
1846 1034 1927 1074 614
1945 1033 2031 1074 not.
2047 1033 2092 1074 2.

286 1117 340 1159 45
371 1120 592 1156 MAECIVS
631 1119 902 1154 MARVLLVS
944 1111 1204 1166 consularis,
1248 1119 1372 1168 pater
1412 1112 1622 1155 Gordiani
1663 1112 1843 1154 senioris
1883 1111 1984 1166 imp.
2020 1110 2092 1153 vit.

374 1183 583 1226 Gordian.
607 1184 651 1224 2.
1688 1183 1694 1187 ·

286 1265 341 1308 46
371 1270 416 1306 L.
446 1268 666 1303 MAECIVS
698 1267 956 1303 POSTVMVS
988 1260 1064 1316 (sie
1093 1261 1263 1315 saepius
1293 1263 1372 1302 aet.
1402 1259 1521 1310 Aru,
1554 1293 1563 1304 .
1583 1293 1621 1302 ..
1655 1259 1880 1314 [M]aecius
1911 1256 2094 1313 [Postu]-

372 1346 469 1374 mus
508 1331 615 1384 fasti
649 1330 727 1383 fer.
757 1330 878 1379 Lat.,
921 1330 972 1373 L.
1003 1329 1196 1371 Marcius
1227 1330 1457 1371 Postumus
1488 1327 1675 1370 traditur
1702 1327 1768 1370 II
1788 1325 1929 1380 2344),
1961 1326 2095 1368 frater

373 1398 558 1452 Arvalis,
591 1398 713 1440 adest
742 1398 786 1438 in
814 1396 992 1452 collegio
1019 1413 1057 1442 a.
1079 1398 1146 1452 69,
1180 1397 1245 1451 72,
1280 1397 1345 1450 75,
1380 1397 1444 1451 78,
1478 1397 1544 1450 86,
1578 1396 1645 1448 87,
1677 1396 1744 1450 89,
1777 1396 1843 1449 90,
1876 1395 1944 1449 91,
1975 1395 2094 1448 a.in-

372 1474 489 1510 certo
521 1468 773 1519 Domitiani,
815 1482 852 1509 a.
883 1468 984 1520 101,
1020 1467 1123 1519 105,
1166 1467 1452 1522 promagister
1487 1464 1656 1519 collegii
1687 1465 1839 1521 primis
1878 1462 2096 1506 mensibus

374 1536 539 1579 Vitellii
579 1550 616 1579 a.
648 1535 702 1577 69
738 1542 781 1576 et
810 1549 836 1576 a
864 1535 917 1576 72
955 1537 1034 1577 aet.
1066 1534 1171 1575 Arv.
1230 1533 1392 1576 Consul
1431 1534 1635 1590 suffectus
1676 1547 1764 1574 una
1802 1546 1899 1573 cum
1930 1531 2094 1573 Vicirio

373 1603 572 1646 Martiale
611 1617 757 1644 mense
788 1602 902 1656 Aug.
932 1602 993 1644 II
1015 1605 1137 1652 2344,
1171 1602 1278 1655 fasti
1306 1602 1384 1655 fer.
1417 1600 1514 1646 Lat.
1552 1600 1689 1657 (CIL.
1721 1601 1755 1643 I
1777 1599 1838 1643 ed.
1870 1603 1901 1643 2
1931 1613 1979 1654 p.
2010 1601 2095 1655 59),

375 1671 640 1728 temporibus
680 1671 857 1712 Traiani
887 1671 948 1712 II
969 1673 1102 1721 2344,
1144 1671 1326 1724 fortasse
1358 1684 1397 1712 a.
1429 1674 1532 1720 101,
1564 1670 1618 1723 ef.
1649 1668 1823 1711 Asbaeh
1854 1667 1969 1710 anal.
1999 1667 2096 1711 hist.

374 1744 413 1783 et
435 1741 564 1795 epiyr.
588 1739 732 1781 Latin.
755 1738 912 1790 (Bonn.
935 1737 1060 1792 1878)
1083 1742 1122 1780 et
1141 1738 1327 1781 Huelsen
1354 1737 1467 1780 CIL.
1490 1738 1524 1780 I
1546 1738 1572 1781 l.
1596 1751 1629 1780 e.
1679 1736 1922 1792 (Consulem
1951 1734 2097 1778 distin-

371 1823 497 1864 9uere
520 1823 547 1850 a
567 1809 704 1861 fratre
719 1806 877 1848 Arvali
896 1806 1027 1848 voluit
1046 1806 1220 1849 Heneen
1241 1810 1321 1848 aet.
1344 1806 1448 1848 Arv.
1473 1821 1520 1861 Ρ.
1542 1809 1623 1849 191
1652 1806 1743 1848 sine
1762 1804 1916 1847 idonea
1937 1802 2097 1857 eausa).

290 1909 346 1913 -
377 1889 417 1926 o,
449 1887 629 1923 EGGIvs
660 1887 946 1922 AMBIBVLVS
979 1881 1279 1935 PoM[P0N1vs
1311 1880 1578 1935 LONJGINVS
1612 1885 1884 1922 OASSIANVS
1905 1884 1950 1920 L.
1970 1883 2098 1919 MAE-

378 1957 486 1993 olvs
517 1949 823 2004 Pos[TVMvs].

291 2031 344 2074 47
376 2037 428 2071 M.
450 2035 669 2070 MAEGIVS
692 2034 880 2070 PROBVS
904 2027 1179 2082 (praenomen
1197 2027 1323 2070 habet
1342 2027 1456 2070 solus
1477 2030 1505 2069 t.
1522 2027 1583 2069 II
1589 2029 1717 2082 4123)
1738 2027 1808 2068 vir
1826 2025 2097 2077 clarissimus,

376 2098 620 2155 praefectus
660 2097 959 2139 alimentorum
991 2100 1018 2141 t.
1047 2096 1292 2150 Campanus
1320 2095 1368 2138 X
1394 2098 1516 2138 3805.
1577 2095 1740 2138 Consul
1779 2094 1894 2148 (suff.
1924 2108 1962 2136 a.
1994 2092 2098 2146 inc.)

375 2167 438 2209 II
459 2169 582 2208 4124.
641 2165 831 2219 Legatus
861 2165 1100 2220 Hispaniae
1130 2164 1467 2206 Tarraconensis
1499 2163 1580 2205 sub
1608 2163 1770 2206 Severo
1802 2169 1845 2204 et
1875 2159 2100 2204 Caracalla

377 2234 478 2288 Diy.
499 2236 566 2284 48,
589 2236 663 2283 22,
688 2237 724 2283 7,
746 2237 796 2284 4,·
828 2236 855 2275 t.
893 2233 1222 2275 Tarraconensis
1251 2233 1313 2274 II
1334 2235 1467 2282 4124,
1508 2231 1736 2274 defunctus
1766 2232 1810 2272 in
1841 2244 1890 2272 eo
1920 2242 2100 2289 munere

377 2303 438 2345 II
458 2305 581 2345 4124.
652 2301 797 2344 Uxor:
843 2302 1082 2357 Pomponia
1128 2300 1279 2354 Arria3
1324 2299 1458 2342 filius:
1503 2300 1561 2342 M.
1605 2299 1869 2356 Pomponius
1908 2297 2100 2340 Maecius

378 2370 546 2413 Probus
576 2370 633 2411 ib.
990 2422 994 2425 ¹

292 2465 349 2469 ——
378 2446 430 2481 M.
463 2443 745 2479 POMPONIVS
777 2443 998 2479 MAECIVS
1030 2442 1234 2479 PROBVS.

292 2514 346 2556 48
377 2517 595 2553 MAECIVS
617 2517 778 2552 RVFVS
801 2511 959 2564 (Maec-
980 2523 1089 2553 unus
1115 2513 1280 2552 tantum
1301 2525 1321 2551 e
1343 2509 1681 2564 descriptoribus,
1704 2510 1836 2551 Raec-
1853 2508 1977 2558 alius,
1997 2520 2100 2549 non-

376 2580 497 2622 nulla
536 2579 724 2633 emenipla
762 2579 917 2632 Kaec-)
957 2585 1130 2620 curator
1169 2578 1338 2620 aedium
1381 2579 1617 2631 (sacrarum
1659 2584 1701 2619 et
1738 2577 1930 2619 locorum
1959 2574 2099 2632 publi-

380 2647 546 2701 corum)
579 2662 616 2689 a.
646 2648 727 2689 166
759 2647 827 2688 VI
847 2649 941 2688 360.

294 2729 348 2770 49
380 2734 432 2770 Μ.
456 2732 676 2767 MAEOIVS
698 2732 858 2767 RVFVS
882 2726 986 2780 (tria
1013 2726 1187 2767 nomina
1217 2725 1410 2767 eoehibent
1437 2728 1524 2766 tarn
1551 2725 1713 2766 nummi
1741 2738 1867 2778 quam
1897 2727 1924 2768 t.
1951 2725 2101 2767 Tibur-

381 2796 516 2845 tinus,·
545 2794 654 2850 Μαρ-
667 2808 751 2847 pro
773 2793 896 2836 Μαικ-
916 2793 1026 2835 male
1046 2793 1244 2835 Mionnet
1274 2793 1341 2835 VI
1361 2795 1454 2842 687,
1475 2791 1587 2846 504),
1619 2792 1850 2848 proconsul
1871 2793 2102 2848 Bithyniae

381 2863 460 2905 sub
490 2863 757 2917 Vespasiano
802 2868 843 2903 et
873 2861 972 2903 Tito
1008 2861 1239 2915 Augustis,
1282 2862 1310 2903 i.
1340 2875 1376 2905 e.
1405 2876 1442 2904 a.
1476 2861 1529 2902 79
1561 2861 1723 2903 nununi
1750 2859 1980 2915 Bithyniae
2010 2873 2102 2902 eum

380 2931 514 2985 eapite
542 2930 677 2972 niodo'
694 2929 945 2984 Vespasiani
979 2928 1176 2983 Auyusti,
1215 2928 1336 2970 modo
1372 2929 1459 2971 Titi
1485 2928 1680 2982 Auyusti,
1712 2928 1832 2970 modo
1861 2927 2104 2971 Domitiani

383 2999 581 3042 Caesaris
600 2997 711 3052 Auy.
734 2997 817 3052 filii
837 2997 1051 3048 (Mionnet
1069 2997 1131 3038 II
1141 3000 1236 3046 409,
1259 2999 1329 3046 23,
1361 2996 1428 3038 VI
1450 2999 1542 3046 687,
1564 2999 1646 3038 504
1673 2997 1748 3050 qui
1775 3009 1968 3039 nummus
1994 2995 2104 3038 male

382 3067 508 3110 datur
528 3067 639 3108 inter
663 3066 853 3115 incertos,
886 3064 1021 3119 suppl.
1051 3064 1141 3114 V1,
1165 3069 1188 3107 1
1209 3078 1303 3118 seq„
1337 3068 1430 3114 173,
1452 3067 1572 3108 1008.
1596 3067 1730 3115 1009;
1759 3077 1864 3107 mus.
1884 3063 1999 3106 Brit.
2020 3066 2101 3106 eat.

383 3135 544 3177 Pontus
586 3133 795 3187 Bithynia
835 3132 942 3174 alibi
979 3135 1053 3174 eet.
1100 3147 1147 3186 p.
1185 3135 1277 3174 104.
1322 3135 1432 3188 105).
1504 3132 1666 3175 Consul
1711 3132 1914 3174 suffectus
1954 3147 1980 3174 a
2017 3132 2099 3176 inc.

306 3256 314 3262 η
381 3217 528 3245 mense
558 3203 663 3245 Dec.
695 3216 783 3243 una
813 3215 910 3242 cum
941 3201 992 3242 L.
1025 3200 1220 3256 Turpilio
1252 3201 1420 3242 Dextro
1452 3204 1480 3242 t.
1509 3200 1755 3242 Tiburtinus
1772 3200 1852 3243 XI
1855 3199 2025 3244 V3543.
2049 3223 2103 3230 —

383 3271 632 3325 Praefectus
660 3269 845 3324 Aeyypti
873 3269 949 3311 sub
980 3268 1229 3311 Domitiano
1261 3268 1395 3321 (Suet.
1416 3268 1542 3311 Dom.
1565 3268 1608 3323 4)
1638 3282 1723 3310 non
1752 3267 1943 3310 Maecius
1965 3267 2103 3311 Rufus

383 3340 468 3393 fuit
496 3338 569 3381 sed
596 3338 785 3392 Mettius,
817 3337 872 3390 ef.
903 3337 1038 3390 infra.
