2190 3724
132 299 374 337 DOMITIVS
1008 295 1061 338 21
1699 301 1945 339 DOMITIVS

214 446 255 474 η.
290 435 328 483 7,
358 435 426 483 39,
457 431 592 474 frater
621 432 816 474 uterinus
846 431 1084 474 Caesoniae
1115 433 1309 487 coniugis
1341 433 1425 476 Gai
1461 433 1671 490 principis
1702 432 1822 475 Plin.
1852 433 1879 475 l.
1912 447 1946 476 ῦ.

218 500 380 543 Consul
409 501 615 543 suffectus
643 515 756 542 anno
787 501 870 545 inc.
919 501 1109 556 Legatus
1138 502 1182 543 in
1204 501 1483 544 Germaniam
1515 501 1764 544 inferiorem
1792 502 1948 543 missus

217 584 254 611 a.
276 570 332 613 47
359 569 458 612 Ταῦ.
489 572 554 619 11,
586 571 653 619 18,
684 576 781 626 post
811 584 879 611 res
909 570 1019 612 bene
1048 577 1205 626 gestas,
1237 570 1286 612 de
1315 571 1466 624 quibus
1502 571 1600 613 Tac.
1634 574 1698 620 11,
1731 572 1879 614 18-20
1911 573 1950 612 et

218 637 306 680 Dio
325 641 392 688 60,
413 641 481 688 30,
513 637 792 694 triumphalia
822 646 1074 680 ornamenta
1102 640 1260 696 accipit
1285 639 1383 681 Tac.
1415 643 1453 681 et
1476 638 1565 681 Dio
1595 639 1637 681 H.
1670 653 1726 681 ῦῦ.
1756 664 1814 668 --
1843 639 1950 681 Pro-

217 706 367 749 consul
396 707 529 749 Asiae
559 706 639 748 sub
662 706 845 749 Claudio
873 722 1029 752 numm.
1052 712 1077 749 1
1099 708 1277 760 (minimi
1293 712 1337 751 2.
1356 711 1384 748 3
1413 722 1493 762 quo
1517 711 1713 762 spectent,
1744 709 1950 750 incertum

217 778 300 826 est;
319 775 406 830 ipsi
425 789 537 818 anno
547 778 600 817 54
613 776 961 830 proconsulatum
982 776 1233 819 Corbulonis
1249 778 1480 819 attribuere
1493 791 1578 819 non
1599 776 1704 827 licet,
1719 780 1948 831 propterea

216 843 328 897 quod
346 847 443 886 tunc
460 844 694 898 proconsul
714 848 807 886 erat
829 845 894 886 M.
917 846 1071 887 Iunius
1092 845 1293 897 Silamc&
1313 860 1387 888 nee
1405 847 1543 900 ψηφὶς
1563 845 1658 887 licet
1680 846 1954 899 interpretari

217 912 356 970 Νέρων
371 912 525 971 Καῖσαρ
545 928 810 955 nummorum
830 914 999 956 illorum
1021 915 1071 956 de
1089 915 1258 958 Nerone
1274 914 1457 957 nondum
1470 914 1676 968 Amyn-sto,
1692 914 1804 967 quod
1821 914 1952 956 rolm't

219 981 575 1036 Wacld2·n9t0m·us
604 983 739 1036 fustes
768 997 809 1024 n.
842 986 932 1039 82).
992 983 1031 1025 Α
1062 983 1235 1025 Nerone
1275 983 1526 1026 retinendae
1556 982 1789 1025 Armeniae
1829 998 1949 1040 prae—

217 1051 382 1107 positus
415 1066 454 1093 a.
487 1051 543 1093 54
578 1051 676 1093 Tac.
708 1066 748 1093 a.
784 1054 850 1101 13,
878 1054 918 1095 8.
974 1051 1094 1104 Quas
1131 1067 1199 1094 res
1238 1053 1422 1107 gesserit
1458 1053 1502 1094 in
1533 1051 1737 1108 partibus-
1760 1051 1951 1094 Orientis
1977 1093 1992 1112 ι

219 1118 429 1161 adversus
450 1119 634 1161 Parthos
661 1120 846 1176 primum
880 1127 927 1162 ut
957 1119 1125 1174 legatus
1156 1120 1458 1177 Cappadociae
1489 1128 1532 1163 et
1552 1119 1762 1174 Galatiae,
1794 1120 1952 1162 deinde

217 1187 274 1241 (a.
296 1188 370 1242 62)
402 1193 450 1230 ut
478 1187 648 1242 legatus
671 1187 826 1243 Syriae
858 1188 931 1242 (cf.
961 1189 1059 1230 Ταῦ.
1087 1203 1126 1231 (ι.
1149 1192 1214 1239 15,
1238 1193 1294 1244 6),
1326 1205 1476 1231 rursus
1506 1196 1554 1230 ut
1583 1188 1751 1243 legatus
1782 1185 1950 1254 Capr-

217 1255 380 1311 dociae,
412 1255 488 1298 sed
518 1263 647 1298 aucta
677 1263 887 1312 potestate
919 1257 974 1311 (a.
1007 1258 1073 1311 63,
1113 1258 1210 1299 Tae.
1246 1272 1286 1299 a.
1320 1261 1384 1308 15,
1415 1261 1504 1312 25),
1536 1264 1741 1299 enarrant
1778 1258 1876 1299 Ταῦ.
1909 1272 1949 1299 a.

217 1327 291 1375 13,
322 1327 425 1367 8-9.
452 1328 619 1375 34411,-
658 1329 730 1375 14,
762 1328 937 1376 23-26;
976 1329 1051 1376 15,
1083 1330 1121 1368 1.
1152 1329 1252 1368 3-6.
1284 1329 1324 1368 8.
1357 1330 1485 1368 9-17.
1519 1329 1664 1369 25-31
1695 1329 1735 1368 et
1763 1325 1851 1368 Dio
1881 1329 1950 1376 62,

219 1396 366 1437 19-23
395 1394 450 1447 cf.
483 1393 602 1436 Plv'n.
634 1393 674 1435 h.
704 1408 746 1436 n.
773 1398 817 1444 2,
850 1397 955 1445 180,·
982 1398 1022 1445 5,
1052 1397 1108 1435 83
1118 1408 1132 1446 ;
1160 1398 1198 1445 6,
1229 1398 1300 1437 23.
1331 1398 1409 1445 40;
1438 1395 1638 1437 Frontin.
1660 1397 1735 1436 sir.
1758 1395 1819 1436 II
1840 1398 1880 1445 9,
1904 1398 1930 1436 5
1939 1408 1952 1445 ;

219 1462 335 1504 IIII
356 1465 394 1512 1,
425 1466 495 1505 21.
530 1465 614 1513 28;
652 1466 704 1512 2,
734 1466 784 1513 3;
816 1466 853 1513 7,
885 1467 941 1514 2,·
984 1463 1095 1506 Stat.
1127 1463 1218 1505 silv.
1250 1467 1297 1514 5,
1333 1467 1376 1514 2,
1406 1466 1459 1506 35
1470 1477 1483 1514 ;
1528 1464 1625 1505 Tac.
1666 1463 1762 1505 hist.
1792 1467 1840 1513 3,
1873 1467 1954 1513 24,-

218 1530 440 1585 Ampelv'us
456 1533 524 1581 39,
555 1534 606 1582 4,·
632 1531 778 1586 [sydus
808 1531 858 1572 de
890 1546 1000 1585 may.
1031 1535 1071 1581 3,
1090 1535 1145 1573 34
1166 1546 1213 1586 p.
1235 1535 1329 1575 227
1350 1531 1526 1574 Becker.
1576 1532 1701 1573 Ziata
1730 1530 1952 1573 castellum

218 1600 358 1642 munit
397 1614 476 1656 per
513 1598 727 1654 legionem
766 1600 834 1642 III
871 1599 1087 1644 Gallicam
1126 1616 1165 1642 a.
1207 1602 1263 1643 64
1294 1604 1321 1643 t.
1354 1604 1392 1642 1.
1453 1601 1726 1656 Rescriptum
1767 1601 1857 1641 eius
1897 1599 1952 1641 ad

218 1667 462 1710 Barbarum
503 1669 647 1710 nescio
682 1683 811 1724 quem
850 1668 906 1711 de
946 1668 1233 1723 vectigalibus
1275 1669 1429 1725 Syriae
1469 1669 1627 1711 citatur
1663 1672 1691 1710 t.
1721 1672 1765 1711 2.
1801 1693 1852 1698 ——
1883 1669 1952 1710 In-

219 1736 406 1779 famatur
445 1736 561 1793 apud
603 1737 820 1779 Neronem
862 1738 1039 1779 secretis
1077 1737 1347 1780 sermonibus
1377 1738 1497 1780 Arrii
1527 1738 1634 1780 Vari
1675 1737 1749 1793 qui
1790 1734 1871 1778 sub
1903 1751 1952 1778 eo

218 1805 482 1847 militaverat
516 1806 614 1848 Ταῦ.
655 1805 751 1848 hist.
782 1809 822 1856 3,
854 1809 893 1848 6.
948 1806 1393 1849 Honorificentissime
1433 1808 1596 1848 accitus
1636 1807 1680 1847 in
1722 1805 1952 1849 Graeciam

218 1890 256 1916 a.
285 1875 364 1930 67,
406 1873 643 1916 Cenchreis
681 1875 791 1916 mori
831 1875 972 1916 iussus
1003 1874 1092 1917 Dio
1121 1878 1279 1925 63,»17
1306 1876 1361 1929 ef.
1400 1875 1499 1917 Tae.
1530 1875 1627 1916 hist.
1658 1878 1702 1924 2,
1734 1878 1811 1925 ’76;
1849 1875 1952 1916 Am-

216 1943 386 2006 miargus
416 1945 481 1993 15,
509 1947 554 1993 2,
585 1946 625 1985 5.
655 1968 714 1973 -
753 1942 813 1985 Ut
854 1943 1102 2000 exemplum
1133 1943 1388 2000 disciplinae
1423 1943 1622 1986 militaris
1653 1944 1899 1985 nominatur
1928 1959 1955 1985 a

196 2011 417 2054 -Iuvemdi
441 2014 490 2062 3,
530 2014 616 2055 251
657 2011 904 2064 (scholiasta
943 2012 1215 2069 Ῑιανὶοἶαΐην).
1280 2013 1477 2055 Virtutes
1518 2013 1609 2054 eius
1648 2012 1735 2054 Dio
1766 2016 1845 2062 62,
1877 2015 1954 2062 19,-

219 2095 399 2137 corpore
435 2081 610 2135 ingens,
651 2080 796 2122 verbis
826 2081 1068 2136 magnificis
1100 2088 1142 2124 et
1172 2096 1302 2138 super
1333 2082 1645 2138 experientiam
1677 2081 1952 2137 sapientiam-

219 2164 304 2205 que
341 2150 472 2191 etiam
511 2150 655 2206 specie
694 2150 888 2192 inanium
931 2149 1103 2192 validus
1149 2151 1248 2193 Ταῦ.
1291 2140 1331 2192 α.
1371 2154 1437 2201 13,
1473 2153 1514 2192 8.
1548 2175 1601 2180 —-
1643 2149 1952 2192 Commentarii

219 2218 311 2260 eius
342 2217 523 2260 adhibiti
554 2233 582 2259 a
607 2218 754 2260 Tacito
785 2217 843 2270 (a.
866 2221 931 2269 15,
962 2222 1031 2275 16)
1063 2226 1107 2261 et
1136 2234 1162 2261 a
1192 2219 1335 2262 Plinio
1371 2220 1415 2260 in
1447 2218 1576 2260 rebus
1608 2217 1800 2261 Orientis
1830 2217 1951 2260 Plv'n.

217 2286 258 2328 h.
286 2299 328 2328 n.
360 2289 404 2336 2,
435 2288 517 2328 180
527 2299 541 2337 ‚·
568 2289 608 2336 5,
638 2289 717 2338 83;
745 2289 784 2337 6,
815 2290 885 2329 23.
915 2290 970 2328 40
1002 2287 1056 2341 ef.
1087 2287 1176 2330 incl.
1209 2287 1413 2329 librorum
1445 2287 1487 2330 V
1509 2290 1548 2328 et
1578 2287 1652 2330 VI.

134 2355 217 2398 124
248 2387 257 2397 .
281 2387 290 2397 .
314 2388 324 2397 .
346 2360 587 2396 DOMITIVS
609 2361 861 2400 DECIDIVS.
917 2356 1083 2398 Titulus
1110 2357 1304 2398 urbanus
1331 2355 1456 2398 semel
1477 2356 1710 2409 descriptus
1741 2355 1809 2397 VI
1830 2359 1951 2398 1403.

219 2423 270 2469 Τ.
302 2423 332 2467 f.
365 2426 392 2465 t.
424 2427 463 2466 1.
514 2423 655 2465 Tribu
674 2422 870 2466 Voltinia
900 2427 943 2474 t„
981 2425 1185 2466 oriundus
1207 2428 1315 2479 puto
1346 2439 1397 2466 ex
1416 2425 1643 2479 provincia.
1666 2424 1952 2474 Narbonmsrg

218 2506 269 2534 ex
297 2506 381 2546 qua
412 2492 540 2533 etiam
567 2505 767 2546 ymerum
798 2491 898 2546 leqv't
923 2491 1000 2534 Cn.
1030 2493 1191 2534 Iulium
1210 2492 1461 2547 Ayrieolam
1487 2492 1560 2546 (cf.
1583 2493 1735 2549 infra).
1781 2493 1952 2535 Trium-

218 2561 288 2602 vir
317 2559 514 2617 capitalis
546 2563 575 2602 t.
634 2558 848 2616 [ElectJus
879 2576 906 2603 a
934 2559 1118 2603 Claudio
1145 2558 1220 2618 qui
1248 2562 1414 2618 primus
1445 2560 1686 2618 [quaes]tor
1715 2576 1794 2618 per
1823 2563 1952 2603 trien-

220 2630 341 2671 nium
372 2630 482 2671 citra
521 2627 717 2685 [sortJem
758 2636 976 2685 praeesset
1015 2630 1182 2688 aerario
1217 2630 1393 2672 Saturni
1434 2633 1461 2671 t.
1495 2628 1648 2684 (suppl.
1683 2630 1950 2687 Mommsen),

217 2712 256 2741 a.
286 2698 343 2740 44
381 2697 437 2751 cf.
482 2697 581 2740 Ταῦ.
623 2711 663 2740 a.
695 2701 761 2749 13,
801 2701 885 2749 29,·
923 2697 1014 2740 Dio
1054 2702 1121 2750 60,
1158 2702 1228 2743 24.
1295 2699 1477 2741 Praetor
1516 2702 1545 2740 t.
1606 2698 1782 2740 Patrem
1821 2699 1952 2753 fuisse

218 2765 436 2808 Domitiae
455 2764 734 2817 Decidianae,
764 2767 911 2809 uxoris
938 2766 1015 2809 Cn.
1039 2767 1147 2810 Iulii
1165 2767 1410 2822 Ayricolae,
1440 2767 1548 2809 vidit
1567 2766 1781 2822 Boi-qhesi
1809 2781 1901 2821 opp.
1924 2770 1950 2808 4

215 2849 265 2889 p.
288 2837 382 2877 148.

135 2904 215 2947 125
247 2909 289 2946 C.
319 2909 562 2945 DOMITIVS
593 2909 811 2946 DEXTER.
873 2903 1139 2947 Praenomen
1179 2905 1363 2947 innotuit
1403 2919 1454 2947 ex
1492 2904 1775 2947 „tentionibus
1804 2917 1950 2946 eonsu-

147 3404 205 3413 ›—-.

219 2971 331 3014 latus
351 2971 529 3014 alterius
558 2971 731 3014 V6649.
762 2972 811 3014 X
828 2976 949 3015 1786.
981 2973 1142 3016 Consul
1164 2974 1369 3016 suffectus
1391 2989 1429 3016 a.
1452 2974 1536 3016 inc.
1572 2973 1764 3027 Legatus
1786 2987 1863 3029 pro
1884 2988 1948 3028 pr.

221 3040 375 3096 Syriae
414 3054 527 3082 anno
566 3046 720 3083 octavo
761 3040 985 3084 Commodi
1032 3041 1160 3093 (mmo
1199 3045 1248 3084 ut
1289 3042 1456 3084 videtur
1494 3044 1576 3084 183
1615 3042 1667 3095 esi
1715 3041 1947 3083 Dlommsmv

221 3108 382 3153 Staats.
400 3108 481 3151 11³
496 3123 544 3163 p.
566 3111 649 3150 800
667 3112 753 3153 not.
774 3113 818 3160 2,
840 3112 923 3152 801
941 3113 1027 3152 not.
1043 3113 1091 3167 2)
1118 3114 1146 3152 t.
1163 3110 1397 3153 Suadmzsis
1417 3125 1485 3165 ap.
1518 3109 1803 3163 Waddv'nyton
1822 3111 1947 3152 2308.

221 3177 472 3220 Praefectus
491 3176 590 3220 urbi
620 3176 760 3220 factus
787 3179 833 3220 in
859 3178 1003 3221 locum
1023 3179 1147 3221 Bassi
1167 3179 1238 3221 rit.
1258 3179 1351 3222 Sev.
1368 3182 1408 3229 8,
1429 3182 1469 3229 8,
1501 3194 1540 3223 a.
1564 3179 1646 3220 193
1667 3178 1721 3231 ef.
1739 3177 1952 3230 Boo-ylensi

222 3259 316 3299 omo.
338 3249 365 3288 9
385 3260 433 3300 p.
453 3248 547 3288 331.
580 3245 742 3288 Consul
764 3247 920 3289 iterum
942 3247 1187 3290 ordinarius
1207 3263 1245 3290 a.
1266 3248 1346 3291 196
1368 3262 1465 3290 cum
1485 3247 1537 3289 L.
1553 3245 1728 3289 Valerio
1747 3244 1949 3287 Messalla

221 3312 416 3356 Thrasea
444 3315 607 3360 Prisco.
1500 3321 1505 3326 '

248 3386 355 3424 SER.
388 3388 699 3427 CALPVRNIVS
730 3389 972 3426 DOMITIVS
1003 3390 1222 3427 DEXTER.
