2190 3724
265 291 515 328 EGNATIVS
1140 283 1196 326 34
1722 290 2073 327 EGNATVLEIVS

350 424 439 466 III
462 422 507 465 S.
535 425 643 464 6900
675 419 757 476 (6),·
787 422 833 462 in
862 420 990 474 fastis
1018 419 1282 462 sacerdotum
1310 420 1383 473 qui
1411 419 1604 462 videntur
1634 433 1718 462 esse
1747 421 1912 463 sodales
1939 421 2074 464 Anto-

344 491 516 532 niniani
544 490 610 532 VI
622 492 736 532 2001
758 487 831 545 (7).
883 488 1078 543 (Falsum
1112 491 1172 530 est
1200 488 1484 542 fraymentum
1513 501 1617 530 mus.
1646 488 1782 534 Rhen.
1811 493 1870 533 21
1891 504 1940 544 p.
1961 493 2073 542 401).

349 559 397 600 L.
421 559 630 612 Egnatius
652 557 803 599 Victor
841 555 1064 608 Lollianus
1085 559 1114 597 t.
1135 559 1235 598 1-4.
1258 559 1296 597 6.
1319 559 1358 606 7,
1389 556 1602 610 Egnatius
1617 557 1771 599 Victor
1791 560 1820 599 t.
1841 560 1879 600 5.
1912 557 2072 600 Consul

348 627 442 668 suff.
474 642 512 668 a.
546 627 626 667 inc.
697 624 924 667 Corrector
954 623 1146 666 Achaiae
1182 627 1209 665 t.
1240 628 1272 667 2
1302 622 1375 677 (cf.
1409 626 1624 682 κηδεμονία
1654 630 1732 667 τῶν
1763 624 1933 683 Ἀθηνῶν
1966 629 1993 668 t.
2025 629 2074 677 1;

347 695 554 751 εὐεργέτης
584 693 739 735 dicitur
770 707 797 734 a
831 692 1156 746 Thespiensibus
1185 695 1214 734 t.
1244 695 1272 733 3
1282 705 1294 743 ;
1325 693 1345 734 ὁ
1375 693 1648 750 λαμπρότατος
1678 695 1862 741 ὑπατικός
1892 697 1921 736 t.
1948 698 1992 737 2.
2013 697 2071 752 3).

346 763 535 816 Legatus
565 761 753 816 Augusti
784 774 862 817 pro
892 775 957 816 pr.
988 761 1238 816 provinciae
1257 760 1491 816 Bithyniae
1516 767 1558 803 et
1583 761 1710 804 Ponti
1732 765 1761 804 t.
1781 765 1821 804 4.
1879 762 2071 818 Legatus

345 830 642 884 Augustorum
672 829 855 871 duorum
886 843 963 885 pro
995 843 1058 884 pr.
1088 829 1339 884 provinciae
1371 829 1621 872 Pannoniae
1661 831 1893 886 superioris
1923 846 1962 874 a.
1987 831 2070 874 207

347 901 375 941 t.
399 902 438 941 5.
491 898 725 954 cooptatus
756 898 868 939 inter
898 896 1065 939 sodales
1095 896 1411 939 Antoninianos
1441 912 1479 939 a.
1501 899 1584 940 213
1615 901 1644 940 t.
1666 902 1704 940 7.
1761 899 1953 953 Legatus
1991 913 2070 955 pro

345 982 408 1022 pr.
450 967 700 1022 provinciae
731 965 929 1009 Galatiae
968 980 1006 1007 a.
1040 966 1122 1008 218
1161 968 1189 1007 t.
1217 969 1255 1007 6.
1285 990 1343 995 —
1373 965 1420 1009 ‘O
1452 967 1582 1024 ῥήτωρ
1614 969 1642 1008 t.
1673 970 1722 1018 1,-
1764 967 2073 1022 ‘intelliyendus

342 1035 462 1077 homo
492 1034 699 1088 facundia
737 1034 934 1088 insiynis,
972 1047 1056 1076 non
1095 1034 1167 1087 qui
1205 1037 1338 1076 artem
1374 1034 1629 1077 rhetoricam
1666 1034 1867 1077 docuerit’
1900 1034 2071 1078 Ditten-

345 1104 492 1158 berycr
522 1103 579 1145 ad
607 1103 716 1145 hunc
746 1106 774 1144 t.
824 1102 958 1144 Pater
986 1105 1034 1144 ut
1061 1102 1226 1144 videtur
1249 1102 1338 1145 eius
1366 1103 1441 1156 qui
1467 1103 1668 1157 sequitur.

258 1183 312 1224 30
342 1189 387 1224 L.
423 1189 675 1224 EGNATIVS
715 1188 899 1224 VICTOR
943 1188 1241 1224 LOLLIANVS.
1316 1182 1449 1225 Tituli·
1485 1183 1620 1225 Asiae
1657 1183 1806 1226 C'IGr.
1841 1185 1955 1227 2870
1996 1181 2068 1239 (1).

341 1253 448 1293 3516
469 1251 545 1307 (2).
586 1254 697 1293 3517
716 1249 789 1307 63).
828 1250 1140 1293 (1111111468
1162 1249 1233 1307 (4).
1272 1251 1419 1293 Mz'tth.
1442 1251 1482 1294 d.
1505 1251 1813 1294 athen.1nst.s
1830 1254 1972 1306 p.316
1992 1250 2071 1307 (5),-

340 1319 523 1361 ineditus
560 1319 790 1374 descriptus
822 1319 1073 1374 Maynesiae
1108 1320 1161 1362 ab
1192 1319 1359 1362 Hillero
1388 1333 1469 1362 von
1496 1320 1781 1375 Gaertrinyen
1811 1319 1895 1375 (6);
1923 1320 2070 1362 titulus

338 1388 530 1429 urbanus
560 1387 626 1430 VI
640 1390 747 1430 1405
777 1383 852 1444 (7).
897 1388 949 1430 L.
973 1388 1187 1442 Egnatius
1208 1388 1362 1430 Victor
1387 1387 1611 1430 Lollianus
1643 1392 1671 1431 t.
1694 1392 1741 1439 6,
1783 1389 1832 1431 L.
1854 1389 2068 1443 Egnatius

340 1454 601 1511 Lollia[nus]
633 1459 660 1497 t.
684 1459 720 1510 7,
762 1455 975 1510 Egnatius
1006 1455 1232 1498 Lollianus
1264 1459 1290 1498 t.
1323 1460 1363 1499 1.
1392 1460 1435 1510 2,
1466 1456 1692 1499 Lollianus
1723 1460 1751 1499 t.
1777 1460 1818 1499 3.
1839 1461 1878 1499 4.
1899 1459 1937 1511 5,
1969 1457 2068 1499 item

340 1523 694 1578 chronographus.
738 1523 883 1566 Filius
910 1527 959 1566 ut
985 1524 1150 1566 videtur
1180 1525 1268 1566 eius
1299 1525 1372 1578 qui
1392 1525 1625 1578 praecedit.
1677 1525 1916 1568 Proconsul
1935 1525 2067 1568 Asiae

339 1595 367 1634 t.
399 1596 499 1643 1-7,
540 1607 617 1649 per
655 1607 794 1654 annos
831 1599 917 1635 tres
957 1596 985 1635 t.
1016 1596 1105 1635 4-6
1151 1591 1372 1645 (secundus
1410 1607 1548 1636 annus
1587 1597 1845 1636 memoratur
1880 1597 1907 1636 t.
1939 1597 1977 1636 1.
2008 1596 2066 1651 3),

340 1676 451 1703 anno
474 1662 600 1703 tertio
626 1661 707 1704 sub
728 1661 929 1718 Philippo
951 1664 979 1703 t.
996 1665 1022 1703 6
1042 1661 1169 1716 (idem
1190 1675 1240 1703 eoe
1261 1664 1288 1704 t.
1308 1664 1335 1704 5
1354 1662 1612 1715 numinisque
1632 1662 1882 1715 quibusdam
1905 1662 2070 1717 colleyit

341 1729 627 1784 Waddinyton
666 1729 724 1771 ad
750 1729 978 1784 Boryhesii
1017 1743 1109 1784 opp.
1133 1733 1159 1772 9
1189 1744 1236 1784 p.
1266 1732 1348 1772 384
1374 1729 1494 1784 not).
1551 1730 1681 1772 Hunc
1709 1744 1795 1773 esse
1823 1730 2069 1773 Lollianum

336 1798 630 1852 proconsulem
659 1801 934 1840 memoratum
963 1798 1010 1839 in
1041 1798 1147 1840 actis
1178 1798 1260 1841 SS.
1292 1798 1447 1840 Leonis
1477 1801 1516 1840 et
1545 1798 1783 1853 Pareyorii,
1816 1802 1898 1841 act.
1920 1798 2067 1842 Sanct.

338 1880 464 1911 mens,
479 1866 608 1909 Febr.
630 1867 719 1908 III
724 1881 770 1921 p.
787 1869 854 1917 59,
877 1867 1053 1909 coniecit
1074 1866 1256 1910 Sterrett
1280 1867 1427 1908 Mitth.
1451 1867 1490 1908 d.
1514 1866 1651 1909 athen.
1672 1867 1780 1912 Inst.
1801 1869 1829 1908 8
1839 1882 1887 1921 p.
1903 1870 2000 1910 312.
2014 1890 2066 1896 -

339 1934 590 1977 Praefectus
611 1934 746 1991 [urbi]
769 1938 795 1977 t.
821 1938 856 1986 7,
887 1950 924 1977 a.
946 1936 1031 1978 254
1051 1934 1395 1990 chronographus
1415 1949 1455 1977 a.
1476 1938 1569 1977 354.
1590 1960 1648 1964 —
1677 1935 1805 1977 Hunc
1824 1935 2066 1978 Lollianum

339 2003 597 2057 Boryhesius
619 2018 711 2057 opp.
728 2007 766 2054 4,
791 2006 878 2047 520
907 2004 1148 2058 si'yniftcari
1166 2004 1339 2058 putavit
1366 2003 1434 2045 his
1462 2003 1648 2046 Firmici
1669 2003 1865 2046 Materni
1892 2003 2066 2046 mathes.

340 2070 399 2123 (2,
420 2075 495 2128 32)
528 2071 585 2113 ad
614 2072 878 2114 Mavortium
906 2071 1151 2114 Lollianum
1183 2072 1451 2126 praefectum
1480 2072 1600 2114 urbis
1631 2086 1670 2114 a.
1701 2075 1787 2115 342
1814 2073 1975 2114 verbis:
2010 2072 2066 2114 ob

339 2139 539 2182 adulterii
561 2141 723 2182 crimen
750 2141 794 2181 in
816 2139 995 2182 exilium
1016 2139 1212 2183 similiter
1236 2139 1375 2194 datus,
1399 2140 1475 2182 sed
1496 2139 1669 2182 demum
1690 2140 1743 2182 dc
1765 2140 1893 2182 exilio
1915 2146 2067 2196 raptus

339 2209 383 2249 in
423 2208 838 2251 administrationem
878 2208 1142 2265 Campaniae
1180 2209 1368 2265 primum
1409 2208 1647 2251 destinatus
1689 2215 1776 2263 est3
1826 2208 1983 2251 deinde
2022 2209 2066 2250 in

337 2276 527 2319 Achaiae
566 2276 937 2333 proconsulatum,
979 2284 1077 2334 post
1114 2291 1217 2319 vero
1257 2276 1313 2319 ad
1345 2276 1525 2319 similem
1556 2276 1688 2319 Asiae
1716 2276 2065 2333 proconsulatum

335 2345 540 2387 devectus
572 2351 657 2399 est,
698 2360 750 2387 ac
777 2352 991 2402 postremo
1024 2345 1080 2388 ad
1107 2345 1229 2388 urbis
1258 2346 1479 2387 Romanae
1518 2345 1836 2402 praefecturam
1874 2346 2065 2387 omnium

337 2419 508 2469 patrum
542 2420 607 2455 est
646 2428 858 2456 consensu
886 2421 1108 2470 promotus
1140 2411 1218 2466 (ed.
1252 2413 1389 2456 Venet.
1419 2417 1531 2456 1497
1558 2414 1590 2467 f.
1616 2411 1685 2464 13',
1716 2414 1776 2456 ed.
1797 2413 1937 2456 Basil.
1958 2416 2064 2456 1551

331 2496 379 2536 p.
402 2481 489 2536 42),
520 2495 606 2524 non
634 2485 767 2533 rccte‚·
810 2496 911 2524 nam
937 2482 1005 2525 hic
1033 2483 1131 2536 fuit,
1161 2485 1209 2524 ut
1238 2496 1288 2525 ex
1317 2482 1669 2536 praecedentibus
1709 2485 1907 2536 apparet,
1948 2482 2065 2537 silius

338 2550 520 2593 consulis
552 2550 765 2593 ordinarii
792 2551 968 2602 iterum;
995 2554 1225 2605 praeterea
1263 2550 1331 2593 hic
1362 2564 1508 2593 cursus
1536 2550 1741 2593 honorum
1770 2550 1876 2593 mihi
1902 2550 2066 2593 videtur

336 2619 527 2661 indicare
558 2622 736 2661 aetatem
767 2619 985 2673 aliqua-nto
1006 2619 1296 2673 posteriorem.

253 2698 303 2740 31
337 2704 562 2739 EGNATIA
584 2705 837 2740 CERTIANA
868 2698 1106 2741 clarissima
1135 2698 1305 2752 femina,
1338 2697 1387 2740 C.
1410 2698 1585 2753 Egnatii
1612 2697 1730 2741 Certi
1761 2697 1947 2740 consulis
1975 2697 2065 2740 filia

338 2766 419 2808 IX
435 2769 555 2809 1578.

252 2846 307 2888 32
339 2846 528 2900 Egnatia
557 2846 818 2895 Maximilla,
850 2861 962 2889 uxor
991 2846 1113 2890 Glitii
1151 2845 1287 2901 Galli,
1319 2847 1522 2889 maritum
1551 2848 1596 2888 in
1627 2846 1803 2889 exilium
1834 2847 2065 2889 comitatur

339 2929 377 2956 a.
401 2915 468 2968 65,
495 2915 676 2969 ‘magnis
697 2915 884 2970 primum
906 2921 947 2957 et
967 2915 1146 2969 integris
1168 2914 1333 2971 opibus,
1355 2921 1452 2972 post
1471 2913 1699 2971 ademptis’
1724 2915 1822 2957 Tac.
1846 2929 1886 2957 a.
1907 2917 1971 2965 15,
1995 2918 2061 2958 71.

337 2981 407 3023 Ab
438 2981 616 3024 Andriis
657 2989 799 3024 statua
838 2983 1075 3025 honoratur
1115 2998 1202 3025 una
1236 2998 1333 3025 cum
1363 2983 1516 3025 marito
1545 2982 1694 3026 CIGr.
1713 2984 1865 3026 2349&
1893 2981 1987 3036 (vol.
2008 2984 2070 3026 II

338 3064 387 3104 p.
409 3052 549 3107 1068).
598 3050 755 3093 Marito
787 3050 960 3093 titulum
989 3052 1111 3107 ponit
1130 3051 1312 3093 Faleriis
1333 3051 1413 3094 XI
1424 3054 1547 3093 3097.
1597 3050 1770 3093 Ancilla
1790 3052 1881 3094 eius
1900 3051 2062 3094 Romae

336 3117 527 3174 sepulta3
557 3117 685 3161 huius
715 3118 897 3161 ancillae
926 3120 1106 3162 maritus
1137 3119 1185 3162 C.
1217 3120 1428 3175 Egnatius
1459 3119 1527 3162 VI
1540 3122 1661 3162 9540.

252 3198 306 3239 33
335 3203 560 3239 EGNATIA
602 3205 939 3253 SECVNDILLA,
986 3199 1039 3245 A.
1081 3200 1255 3254 Egnatii
1295 3198 1467 3242 Proculi
1507 3206 1550 3241 et
1587 3199 1800 3242 Laberiae
1839 3199 1990 3244 Gallae
2030 3199 2060 3242 f.

338 3265 406 3308 VI
420 3269 540 3308 1406.

251 3334 306 3376 34
336 3333 620 3389 Egnatuleius
640 3334 903 3390 Honoratus,
935 3336 1003 3377 vir
1033 3335 1188 3378 nobilis
1219 3350 1245 3377 a
1266 3335 1428 3379 Severo
1455 3335 1619 3377 occisus
1642 3335 1715 3377 vit.
1738 3335 1854 3390 Sept.
1877 3335 1970 3379 Sev.
1993 3337 2058 3378 13.
