2190 3724
73 279 79 282 ’
122 286 299 323 FABIVS
1005 279 1057 321 51
1757 284 1939 319 FA131vs

207 416 333 461 schol.
355 418 447 461 Iuv.
469 420 508 468 6,
529 420 627 461 452.
667 416 841 459 Deinde
862 432 959 459 cum
981 418 1025 458 in
1046 417 1230 473 patriam
1251 421 1300 457 ut
1318 415 1492 458 videtur
1513 415 1722 470 rediisset,
1748 416 1943 458 ‘Romam

208 501 235 528 a
265 484 408 529 Galba
447 485 711 542 perducitur'
750 485 1035 540 Hiermiymus
1076 485 1134 527 asl
1163 499 1202 528 a.
1233 484 1341 528 Abr.
1371 487 1498 527 2084.
1559 484 1723 527 Causas
1753 484 1863 538 agit,
1898 484 1942 525 in

208 554 274 596 his
317 569 448 597 unam
487 554 603 611 apud
644 555 838 608 reginam
876 555 1117 596 Berenicen
1157 568 1234 610 pro
1274 554 1369 610 ipsa
1407 554 1505 596 inst.
1536 568 1597 598 or.
1623 557 1662 604 4,
1685 556 1724 604 1,
1746 556 1824 604 19,·
1854 552 1944 595 edit

211 629 376 665 tantum
407 624 619 666 actionem
650 622 841 665 habitam
873 624 917 664 in
949 637 1079 664 causa
1109 622 1263 664 Naevii
1292 621 1523 678 Arpiniani
1559 621 1715 664 ductus
1751 620 1942 664 iuvenali

210 691 447 748 cupiditate
475 691 638 746 gloriae
668 692 724 735 ib.
749 695 786 742 7,
807 695 851 742 2,
873 695 943 735 24.
999 690 1181 733 Publice
1211 689 1423 733 declamat
1453 691 1508 734 ib.
1531 694 1597 741 11,
1618 694 1662 741 2,
1683 693 1751 735 39.
1812 691 1941 733 Prae-

207 766 358 817 ceptor
386 760 656 817 eloquentiae
685 760 946 802 clarissimus
983 759 1302 814 (‘Quintiliane,
1334 773 1472 815 vagae
1501 759 1748 801 moderator
1778 773 1942 801 summe

208 829 424 871 iuventae‘
459 829 687 871 Martialis
716 833 760 879 2,
791 833 857 879 90,
891 832 917 870 1
948 830 1002 882 ef.
1034 828 1251 870 Iuvenalis
1281 831 1319 878 6,
1354 831 1416 872 75.
1447 827 1574 882 280).·
1613 828 1768 882 viginti
1806 843 1942 870 annos

207 897 455 940 erudiendis
476 897 708 940 iuvenibus
729 897 899 940 deditus
929 898 1018 951 ipse
1037 898 1134 940 inst.
1158 911 1218 941 or.
1241 897 1274 939 Ι
1288 911 1466 951 proceni.
1488 900 1526 941 1.
1567 897 1688 938 Inter
1708 896 1941 953 discipulos

191 967 298 1009 eius
314 965 481 1008 Plinius
498 965 724 1009 Secundus
741 966 861 1009 Plin.
880 981 941 1020 (Ἰ).
959 969 996 1013 6,
1015 969 1052 1015 6,
1069 969 1108 1009 3.
1135 966 1308 1007 Primus
1328 966 1491 1007 Romae
1512 965 1731 1021 publicam
1752 965 1941 1007 scholam

207 1043 250 1078 et
280 1034 483 1077 salarium
515 1050 538 1076 e
566 1034 667 1076 fisco
700 1035 867 1090 accepit
892 1034 1176 1088 Hieronymus
1207 1034 1264 1076 ad
1293 1049 1333 1078 α.
1364 1034 1472 1078 Abr.
1494 1037 1606 1077 2104
1637 1035 1701 1088 (1).
1731 1033 1833 1078 Chr.
1855 1034 1940 1088 90).

206 1104 482 1147 Domitianus
499 1104 657 1144 sororis
674 1117 777 1144 suae
797 1109 1003 1158 nepotum
1019 1103 1057 1144 ei
1075 1117 1222 1144 curam
1240 1101 1412 1157 delegat
1431 1103 1528 1146 inst.
1546 1117 1605 1144 or.
1623 1103 1656 1144 I
1661 1103 1703 1145 V
1705 1117 1882 1158 procem.
1895 1107 1938 1148 2.

208 1171 464 1216 Consularia
495 1178 746 1213 ornamenta
777 1171 934 1227 accipit
954 1185 1033 1227 per
1053 1170 1290 1224 (Flavium)
1313 1169 1575 1213 Clementem
1593 1171 1811 1214 Ausonius
1826 1175 1938 1226 arat.

208 1243 289 1285 act.
310 1243 351 1291 8,
372 1243 439 1284 31.
499 1239 636 1281 Dives
667 1239 882 1282 Iuvenalis
914 1242 950 1289 7,
983 1242 1077 1283 186.
1140 1239 1332 1281 Uxorem
1363 1254 1493 1295 quam
1522 1238 1649 1281 duxit
1690 1240 1774 1282 iam
1803 1241 1942 1283 maior

206 1315 312 1351 natu
349 1309 507 1351 amittit
541 1308 734 1351 nondum
767 1307 938 1364 expleto
975 1309 1126 1350 aetatis
1157 1323 1270 1350 anno
1301 1308 1620 1351 undevicesimo
1650 1310 1747 1353 inst.
1781 1323 1840 1350 or.
1873 1308 1941 1351 VI

203 1392 382 1433 procem.
414 1381 463 1428 4,
505 1376 662 1419 deinde
702 1378 910 1419 minorem
943 1392 999 1418 ex
1028 1376 1198 1419 duobus
1227 1392 1334 1433 quas
1364 1376 1439 1419 illa
1468 1384 1648 1433 peperat
1675 1377 1775 1419 filiis
1805 1392 1941 1419 annos

207 1454 357 1490 natum
377 1447 569 1503 quinque
598 1447 655 1490 ib.
678 1449 715 1490 6.
738 1449 778 1496 8,
809 1453 1024 1502 postremo
1055 1445 1238 1488 alterum
1259 1461 1432 1502 quoque
1451 1445 1599 1500 filium,
1632 1462 1789 1489 annum
1812 1462 1940 1503 agen-

207 1522 293 1558 tem
323 1515 559 1567 decimum,
598 1516 770 1556 nomine
802 1514 1120 1568 Quintilianum
1154 1515 1211 1559 ib.
1245 1518 1284 1557 9.
1318 1518 1382 1559 13.
1416 1539 1471 1544 -
1503 1514 1595 1558 Sub
1637 1517 1809 1558 nomine
1850 1517 1941 1558 eius

207 1584 292 1627 duo
333 1583 586 1626 ferebantur
623 1584 728 1626 artis
756 1583 997 1625 rhetoricae
1027 1583 1141 1636 libri,
1175 1583 1251 1625 sed
1286 1598 1427 1639 neque
1458 1583 1562 1626 editi
1593 1584 1648 1626 ab
1678 1585 1770 1641 ipso
1801 1599 1942 1641 neque

206 1653 384 1695 editioni
415 1652 617 1695 destinati
645 1653 743 1696 inst.
766 1653 799 1694 I
812 1667 989 1707 procem.
1025 1655 1061 1696 7.
1116 1652 1221 1694 Edit
1249 1651 1408 1695 librum
1438 1652 1492 1694 de
1532 1654 1673 1694 causis
1712 1659 1942 1709 corruptae

205 1721 474 1778 eloquentiae
502 1722 599 1765 inst.
624 1736 682 1765 or.
711 1721 778 1763 VI
792 1736 970 1775 proceni.
993 1725 1030 1771 3,
1064 1727 1213 1777 postea
1234 1720 1366 1763 libros
1388 1721 1441 1763 de
1463 1722 1732 1764 institutione
1754 1723 1942 1765 oratoria

204 1790 261 1833 ad
270 1791 486 1833 Vitorium
502 1789 757 1832 Marcellum
772 1790 874 1844 XII,
893 1791 967 1846 qui
990 1796 1152 1833 extant.
1167 1814 1216 1820 —-
1235 1790 1379 1832 Vitam
1403 1791 1494 1832 eius
1517 1791 1690 1847 scripsit
1710 1792 1941 1834 Suetonius

204 1859 330 1902 indes:
359 1859 461 1900 libri
491 1858 744 1901 Suetoniani
775 1858 824 1901 (le
854 1859 1092 1901 rhetoribus
1123 1860 1189 1913 (p.
1221 1863 1276 1901 99
1306 1859 1367 1903 erl.
1399 1859 1737 1913 Ree‘ffersebeiffl.
1768 1884 1823 1889 —
1855 1861 1940 1902 De-

202 1927 479 1970 clamationes
507 1928 546 1969 ei
567 1927 767 1970 subditae
788 1928 860 1982 (cf.
889 1927 1050 1979 Teuffel
1076 1927 1173 1970 hest.
1207 1927 1405 1978 litt-325,
1428 1928 1497 1982 11)
1528 1935 1822 1971 memorantur
1843 1931 1938 1984 trz‘y.

188 2000 282 2051 tyr.
298 1999 336 2046 4,
359 2000 402 2046 2,
425 1995 587 2040 Auson.
615 1997 734 2050 prof.
757 1995 894 2040 Bccrcl.
918 2000 983 2046 16,
1015 1996 1135 2040 alebi

118 2066 193 2108 48
220 2065 436 2120 (FABIVS)
469 2070 840 2119 QVINTILIANVS,
872 2064 986 2107 filius
1017 2066 1109 2106 eius
1139 2066 1214 2121 qui
1245 2064 1486 2120 praecedit,
1519 2065 1794 2121 adulescens,
1834 2074 1940 2110 teste

205 2140 329 2190 patre
359 2134 496 2175 omnis
536 2132 677 2175 bonae
711 2134 827 2190 spei3
865 2133 1094 2190 adoptatus
1125 2149 1151 2175 a
1180 2134 1274 2175 viro
1304 2133 1491 2190 quodam
1526 2134 1764 2187 consulari,
1805 2152 1939 2178 avun-

204 2202 301 2245 culo
331 2202 520 2258 praetori
549 2216 684 2256 gener
713 2201 974 2256 destinatus,
1015 2203 1198 2244 moritur
1235 2203 1387 2244 aetatis
1423 2218 1535 2245 anno
1567 2203 1733 2246 decimo
1761 2206 1937 2258 Quintil.

204 2272 302 2315 inst.
335 2270 402 2312 VI
418 2284 595 2324 procem.
618 2267 745 2314 9413,

118 2340 174 2382 49
203 2339 368 2382 Fabius
399 2339 667 2395 Repentinus
690 2346 732 2381 et
753 2339 980 2382 Cornelius
1002 2340 1252 2382 Victorinus
1285 2347 1381 2396 post
1409 2348 1590 2382 mortem
1611 2341 1729 2383 Tatti
1758 2342 1938 2384 Maximi

204 2407 411 2465 praefecti
451 2408 667 2464 praetorio
708 2408 810 2450 facti
847 2423 874 2450 a
903 2408 982 2450 Pio
1013 2409 1084 2452 vit.
1117 2408 1199 2451 Pii
1225 2412 1265 2459 8,
1297 2412 1348 2460 8;
1387 2409 1552 2451 videtur
1582 2410 1719 2452 dicere
1750 2411 1939 2454 debuisse

207 2477 463 2531 bioyraphus
504 2475 732 2519 Cornelius
773 2477 1040 2532 Repentinus
1079 2484 1122 2519 et
1154 2478 1313 2519 Furius
1347 2477 1598 2520 Victorinus
1639 2480 1691 2532 ef.
1729 2479 1941 2533 Borghesi

202 2560 321 2590 mem.
345 2545 439 2587 dell'
455 2546 561 2589 Inst.
583 2549 615 2588 2
636 2560 683 2600 p.
705 2549 793 2588 288
822 2547 884 2601 (in
914 2546 1096 2600 epistula
1114 2561 1199 2588 non
1220 2550 1388 2601 recepta
1416 2547 1463 2588 in
1493 2562 1585 2601 opp.
1609 2547 1727 2602 eius),
1759 2548 1937 2590 Hirsch-

204 2615 294 2669 feld
323 2614 453 2658 Verw.
477 2630 524 2669 p.
546 2618 647 2659 226.

120 2684 176 2726 50
204 2683 369 2726 Fabius
400 2684 641 2738 Romanus,
682 2698 738 2725 ex
778 2684 940 2725 intimis
970 2683 1137 2726 Lucani
1168 2684 1338 2738 amicis,
1380 2690 1546 2739 patrem
1586 2685 1677 2726 eius
1708 2684 1936 2728 Annaeum

203 2751 363 2795 Melam
394 2759 569 2794 accusat
597 2768 635 2796 a.
657 2754 713 2795 66
749 2753 848 2798 Tac.
870 2768 910 2796 α.
932 2756 997 2803 16,
1019 2756 1085 2797 17.

120 2821 172 2863 51
206 2827 247 2862 C.
278 2821 496 2875 FAB(IVS)
526 2827 741 2863 RVFINVS
773 2828 1015 2863 LVCILLVS
1048 2821 1312 2864 clarissimus
1343 2836 1452 2877 puer
1480 2821 1606 2864 XIV
1625 2825 1746 2866 3914.

121 2890 176 2931 52
206 2888 368 2931 Fabius
389 2890 603 2944 Rusticus,
637 2905 780 2932 rerum
808 2891 992 2946 scriptor
1019 2891 1084 2932 sui
1106 2891 1310 2946 temporis
1331 2889 1594 2933 clarissimus
1620 2890 1718 2934 Tac.
1739 2891 1846 2946 Ayr.
1869 2897 1934 2943 10,

205 2957 362 2999 citatus
391 2972 418 2999 a
447 2958 600 3000 Tacito
643 2959 687 3000 in
725 2957 854 3001 rebus
884 2959 1069 3001 Neronis
1110 2958 1361 3001 enarrandis
1399 2959 1496 3002 Tac.
1528 2973 1567 3003 α.
1599 2962 1663 3008 13,
1686 2963 1768 3010 20,·
1796 2963 1860 3010 14,
1883 2965 1938 3012 2,·

205 3028 270 3076 15,
293 3028 359 3076 61,
391 3026 490 3067 item
520 3025 575 3068 de
605 3027 691 3069 situ
711 3027 964 3069 Britanniae
991 3028 1088 3071 Tac.
1110 3027 1219 3081 Ayr.
1241 3031 1307 3071 10.
1360 3027 1536 3069 Amicus
1558 3026 1748 3070 Senecae
1775 3028 1872 3072 Tae.
1895 3044 1934 3073 a.

205 3096 271 3143 13,
293 3097 363 3136 20.
425 3094 536 3137 Sunt
569 3096 641 3149 qui
669 3095 779 3137 hune
814 3096 989 3138 credant
1016 3097 1258 3150 siqnificari
1282 3095 1541 3149 Quintiliani
1569 3096 1790 3138 scribentis
1820 3112 1859 3140 α.
1883 3101 1936 3139 90

206 3161 270 3203 vel
289 3161 442 3216 paullo
465 3167 618 3217 postea
647 3164 713 3206 his
738 3165 899 3206 verbis:
932 3165 1158 3221 ‘Superest
1184 3164 1326 3206 adhuc
1356 3173 1398 3206 et
1428 3171 1553 3206 ornat
1583 3165 1733 3206 aetatis
1764 3170 1936 3205 nostrae

207 3228 390 3284 gloriam
416 3231 486 3272 vir
515 3231 785 3274 saeculorum
814 3234 1020 3274 memoria
1044 3232 1212 3287 dignus,
1245 3234 1319 3289 qui
1351 3232 1452 3275 olim
1482 3232 1787 3286 nominabitur,
1820 3246 1936 3274 nunc

208 3296 502 3353 intellegitur‘.
570 3299 637 3353 Cf.
675 3299 836 3351 Teuffel
873 3300 969 3343 laist.
1009 3301 1087 3343 litt.
1118 3304 1212 3352 314,
1242 3305 1269 3343 4
1279 3315 1292 3352 ;
1331 3301 1459 3344 Peter
1488 3301 1583 3344 hist.
1620 3300 1743 3343 Rom.
1778 3301 1932 3355 frayrn.

208 3380 257 3420 p.
278 3369 372 3410 316.
402 3391 460 3397 -
489 3367 612 3409 Idem
641 3367 822 3410 fortasse
851 3369 1015 3411 Fabius
1047 3371 1272 3423 Rusticus,
1310 3371 1379 3411 cui
1408 3369 1577 3424 legatur
1606 3370 1651 3410 in
1682 3375 1934 3411 testamento

1602 3435 1656 3471 4*
