2202 3724
243 312 413 349 IVNIVS
1099 306 1182 348 248
1874 314 2041 351 IVNIVS

330 442 444 483 tituli
475 442 542 484 VI
563 444 681 484 1437.
713 444 820 484 1496
860 442 950 496 (ubi
970 441 1115 494 patris
1142 455 1292 483 nomen
1320 441 1413 483 ideo
1442 441 1604 483 videtur
1635 442 1824 484 additum
1855 457 1956 494 esse,
1996 447 2044 486 ut

327 510 611 562 distinyuatur
641 524 668 550 a
698 509 862 551 consule
892 509 1072 550 eiusdem
1099 510 1283 551 nominis
1309 523 1420 551 anno
1442 524 1490 564 p.
1520 509 1622 552 Chr.
1644 513 1727 566 15).
1769 510 1929 554 Consul
1951 511 2042 555 ord.

325 594 363 620 a.
393 594 434 634 p.
466 578 513 620 O.
542 579 594 620 19
625 592 723 620 eum
749 578 800 620 L.
822 577 1026 620 Norbano
1058 577 1194 627 Balbo
1225 578 1343 631 fasti.
1375 578 1611 620 Proconsul
1641 578 1818 622 Africae
1850 585 2040 621 extremo

327 647 487 688 Tiberii
509 646 734 702 primoque
755 645 854 688 Gaii
877 652 1067 702 tempore
1090 646 1188 688 Tac.
1205 645 1244 688 h.
1261 650 1300 697 4,
1317 649 1384 696 48,
1407 661 1484 703 per
1504 661 1639 689 annos
1661 662 1738 689 sex
1758 648 1815 702 (a.
1829 646 2042 701 32—38?)

327 713 454 755 XIV
468 716 575 756 3665
615 714 707 767 (ubi
747 714 805 756 ad
834 714 900 756 M
933 705 1080 756 Silani
1115 728 1265 756 nomen
1305 714 1479 756 additur
1507 715 1566 759 M.
1598 715 1646 768 f.)
1678 716 1732 769 ef.
1764 715 1852 758 Dio
1873 718 1940 766 58,
1971 718 2041 758 23.

325 782 386 824 Ut
415 781 645 837 proconsul
674 782 851 824 Africae
875 788 1137 824 memoratur
1157 783 1285 824 etiam
1317 782 1439 824 VIII
1452 782 1498 825 S.
1520 786 1666 826 14603.
1712 783 1824 825 Eum
1849 790 2042 826 metuens

328 850 463 891 Gaius
490 849 700 904 legionem
728 851 774 892 in
794 849 946 892 Africa
970 850 1216 892 tendentem
1245 849 1492 906 proconsuli
1521 850 1708 892 ablatam
1742 851 1882 905 legato
1913 850 2045 893 tradit

331 917 428 959 Tae.
461 917 486 958 l.
517 931 549 961 e.
585 943 642 947 -—
680 918 823 960 Huius
855 921 903 959 ut
933 918 1108 968 videtur,
1139 932 1224 960 non
1256 918 1346 961 eius
1376 919 1449 972 qui
1468 918 1711 972 praeeedit,
1741 933 1848 961 uxor
1876 918 2044 975 Lepida

325 985 384 1028 M.
409 984 543 1028 Silani
576 985 644 1028 VI
655 989 806 1029 27034,
837 986 886 1028 Χ
911 989 1032 1036 8041,
1064 989 1133 1036 21,
1165 986 1268 1028 haee
1299 989 1436 1028 autem
1464 1001 1548 1029 non
1578 986 1743 1029 diversa
1773 987 1829 1031 ab
1856 987 2044 1029 Aemilia

325 1053 489 1108 Lepida
518 1058 724 1108 pronepte
753 1054 940 1109 Auyusti
969 1054 1084 1097 Suet.
1118 1054 1187 1097 Ol.
1218 1058 1297 1105 26,
1338 1055 1427 1109 ipse
1465 1055 1597 1109 iyitur
1626 1058 1756 1109 pater
1796 1055 2044 1110 abnepotum

323 1122 510 1176 Auyusti
550 1122 615 1166 M
648 1122 795 1165 Silani
832 1121 889 1174 (n.
920 1125 1039 1179 553),
1081 1124 1133 1165 L.
1166 1123 1313 1166 Silani
1346 1123 1550 1177 Torquati
1581 1123 1638 1178 (n.
1668 1125 1779 1180 559),
1810 1122 1869 1168 D.
1900 1123 2045 1166 Silani

326 1190 532 1243 Torquati
560 1189 618 1242 (n.
648 1193 758 1245 558),
791 1191 944 1233 Iuniae
980 1190 1182 1233 Calvinae
1211 1191 1268 1246 (n.
1295 1193 1406 1247 570),
1439 1191 1592 1233 Iuniae
1621 1191 1808 1245 Lepidae
1837 1190 1894 1246 (n.
1922 1193 2043 1247 575),-

323 1272 498 1312 quorum
520 1272 611 1300 eum
632 1258 698 1300 M
721 1258 897 1301 Silanus
916 1262 1042 1300 natus
1062 1260 1118 1300 sit
1139 1273 1177 1303 a.
1192 1273 1240 1313 p.
1261 1258 1364 1302 Chr.
1381 1262 1446 1310 14,
1467 1259 1631 1301 videtur
1650 1259 1857 1313 Lepidam
1878 1259 2043 1301 duoeisse

326 1341 365 1368 a.
395 1329 448 1368 13
458 1339 471 1377 ;
501 1327 553 1381 ef.
586 1326 824 1368 Mommsen
863 1326 954 1380 eph.
988 1341 1050 1381 ep.
1081 1327 1116 1369 I
1129 1341 1176 1381 p.
1199 1330 1262 1369 61.
1294 1330 1362 1370 62.
1396 1354 1448 1359 —
1481 1327 1566 1369 Hie
1593 1330 1642 1369 ut
1674 1327 1838 1369 videtur
1868 1326 2040 1370 Silanus

323 1400 446 1451 pater
467 1398 677 1449 patronus
700 1395 766 1437 M
788 1391 908 1437 Iunii
929 1395 1057 1437 Nirei
1086 1395 1154 1438 VI
1172 1398 1296 1440 7627.
1340 1395 1431 1437 Aut
1459 1395 1584 1437 huius
1615 1398 1690 1437 aut
1714 1396 1802 1437 eius
1821 1396 1896 1449 qui
1911 1409 2041 1450 prae-

324 1462 432 1504 eedit
462 1462 635 1505 libertus
664 1462 790 1505 XIV
803 1466 929 1507 2466.
959 1467 1083 1506 2467.

239 1532 322 1574 553
352 1538 404 1572 Μ.
435 1537 603 1573 IVNIVS
636 1537 845 1573 SILANVS
878 1531 1027 1573 consul
1058 1547 1096 1574 a.
1123 1532 1191 1574 46.
1221 1556 1279 1561 ——
1307 1530 1514 1587 Abnepos
1544 1530 1635 1572 divi
1665 1531 1854 1586 Augusti
1880 1532 1977 1575 Tae.
2001 1546 2040 1574 a.

327 1602 387 1650 13,
419 1602 469 1650 1;
504 1600 646 1655 neptis
687 1599 777 1641 divi
816 1599 1004 1654 'Augusti
1043 1614 1176 1656 nepos
1219 1599 1338 1641 Plin.
1374 1598 1414 1640 h.
1445 1613 1486 1643 n.
1519 1602 1555 1649 7,
1587 1601 1663 1649 58,
1705 1599 1864 1642 seilicet
1901 1599 2042 1642 Iuliae

324 1665 472 1721 (supra
501 1682 542 1709 n.
563 1670 678 1724 421),
711 1681 802 1709 cum
833 1668 971 1710 altera
1001 1668 1088 1709 divi
1115 1668 1302 1722 Auyusti
1328 1668 1466 1721 neptis
1494 1666 1740 1721 Agyrippina
1766 1670 1901 1722 nupta
1936 1667 2042 1710 Ger-

318 1735 484 1776 manico
509 1734 648 1776 nullos
670 1734 843 1777 Silanos
869 1735 977 1776 inter
999 1737 1192 1788 posteros
1211 1734 1419 1784 habuerit,
1442 1733 1558 1788 filius
1579 1735 1709 1788 iyitur
1728 1735 1814 1788 fuit
1832 1735 2042 1777 Aemiliae

321 1802 520 1856 Lepidae,
551 1816 676 1855 quam
705 1802 839 1844 solam
872 1803 1061 1845 novimus
1086 1802 1274 1857 Auyusti
1302 1805 1551 1856 proneptem
1581 1806 1756 1856 praeter
1784 1803 1899 1857 filias
1935 1803 2041 1846 Ger-

319 1871 489 1920 manici,
529 1873 567 1912 et
598 1870 745 1913 Silani
773 1870 973 1921 alieuius,
1004 1884 1090 1912 non
1119 1870 1204 1924 Ap.
1236 1869 1383 1913 Silani
1412 1868 1469 1922 (n.
1502 1872 1623 1926 541),
1653 1873 1701 1912 ut
1730 1872 1902 1925 putavit
1929 1871 2041 1914 Bor-

317 1938 495 1992 qhesms,
518 1938 591 1980 sed
611 1939 676 1980 M
695 1938 840 1981 Silani
859 1939 932 1992 qui
940 1938 1174 1993 praecedit,
1188 1941 1367 1992 propter
1388 1937 1531 1979 titulos
1550 1939 1596 1980 in
1615 1939 1766 1992 quibus
1784 1942 2041 1981 memoratur

320 2006 488 2062 Lepida
526 2006 585 2048 M.
628 2006 764 2049 Silani
805 2007 876 2061 (ef.
914 2007 990 2049 sub
1037 2021 1083 2049 eo
1124 2007 1198 2061 qui
1228 2005 1473 2060 praecedit‚·
1519 2006 1754 2049 Mommsen
1792 2007 1881 2062 eph.
1917 2022 1979 2062 ep.
2014 2011 2041 2049 1

318 2090 365 2129 p.
386 2077 555 2125 58—62,·
583 2077 756 2116 stemma
777 2075 1044 2129 propositum
1072 2075 1147 2117 sub
1178 2088 1220 2116 n.
1238 2074 1350 2128 550).
1372 2099 1428 2104 -
1447 2074 1584 2116 Natus
1614 2089 1652 2117 a.
1681 2090 1723 2131 p.
1756 2074 1804 2118 O.
1835 2076 1889 2118 14
1916 2075 2038 2118 Plin.

319 2143 358 2187 h.
388 2157 429 2184 n.
458 2146 495 2192 7,
518 2145 585 2186 58.
642 2142 808 2198 Segnis,
839 2144 996 2198 insons,
1029 2158 1160 2199 pecus
1191 2157 1323 2185 aurea
1352 2142 1492 2185 dietus
1523 2158 1549 2184 a
1578 2142 1627 2185 C.
1659 2142 1844 2186 Caesare
1878 2143 1975 2186 Tae.
1998 2158 2037 2186 a.

317 2214 381 2262 13,
414 2214 452 2252 1.
511 2211 666 2252 Frater
708 2211 884 2253 Arvalis
924 2214 1004 2253 aet.
1039 2211 1145 2253 Arv.
1185 2211 1547 2266 (commemoratur
1585 2225 1624 2255 a.
1654 2214 1708 2253 40
1744 2215 1784 2253 et
1813 2214 2038 2265 praeterea

319 2279 387 2322 VI
409 2282 537 2322 2032.
568 2282 709 2335 2035).
767 2279 930 2322 Consul
962 2279 1052 2322 ord.
1084 2295 1121 2324 a.
1143 2279 1199 2322 46
1229 2294 1307 2335 per
1336 2294 1496 2321 annum
1527 2280 1743 2334 integrum
1772 2278 1861 2322 Dio
1880 2282 1946 2330 60,
1965 2282 2036 2330 27,

316 2348 502 2403 primum
547 2361 646 2388 eum
684 2347 744 2390 M.
785 2347 960 2389 Valerio
999 2346 1191 2389 Asiatico
1237 2348 1365 2401 fasti,
1409 2346 1567 2389 deinde
1606 2361 1705 2389 eum
1750 2346 1805 2399 Q.
1846 2346 2037 2404 Sulpicio

318 2414 545 2457 Camerino
587 2415 629 2457 V
647 2418 768 2466 5050,
807 2422 956 2471 postea
986 2426 1084 2457 eum
1114 2415 1292 2458 Vellaeo
1321 2416 1483 2457 Tutore
1521 2414 1623 2469 Diy.
1655 2418 1720 2465 16,
1747 2418 1786 2466 1,
1812 2418 1856 2466 2,
1887 2419 1926 2458 1.
1985 2416 2039 2458 In

318 2483 621 2539 proconsulatu
651 2483 781 2525 Asiae
822 2499 859 2526 a.
891 2484 948 2526 54
985 2499 1151 2526 veneno
1191 2483 1385 2526 sublatus
1424 2482 1543 2525 Plin.
1576 2483 1601 2527 l.
1635 2496 1692 2535 e.,·
1726 2483 1825 2527 Tac.
1858 2483 1884 2528 l.
1916 2497 1949 2525 e.
1981 2483 2036 2536 ef.

318 2565 351 2592 e.
372 2554 446 2602 33;
475 2550 563 2593 Dio
593 2554 657 2601 61,
688 2555 713 2593 6
740 2551 811 2606 (cf.
847 2551 1092 2594 Silanorum
1122 2566 1270 2594 manes
1306 2552 1404 2595 Tae.
1437 2565 1476 2595 a.
1507 2554 1571 2601 13,
1596 2554 1650 2593 14
1677 2565 1822 2605 nempe
1849 2551 1974 2593 huius
1999 2553 2040 2593 et

316 2620 367 2661 L.
400 2619 545 2662 Silani
573 2619 755 2673 fratris).
810 2620 963 2661 Frater
991 2620 1083 2662 eius
1113 2620 1164 2662 L.
1197 2619 1371 2663 Silanus
1401 2616 1539 2672 (infra
1558 2633 1599 2662 n.
1619 2621 1717 2673 559)
1744 2619 1903 2663 Tama.
1925 2621 1990 2669 13,
2011 2622 2037 2663 1

317 2688 388 2743 (ef.
412 2691 639 2741 praeterea
668 2690 841 2729 stemma
869 2688 946 2730 sub
976 2702 1016 2732 n.
1037 2690 1148 2744 550).
1198 2688 1341 2730 Huius
1369 2690 1417 2729 ut
1443 2687 1608 2728 videtur
1636 2687 1696 2729 M.
1729 2686 1865 2730 Silani
1895 2686 2039 2729 liberti

316 2758 354 2797 et
373 2756 482 2797 servi
511 2755 579 2797 VI
594 2759 709 2797 7604.
734 2758 853 2797 7608.
876 2759 999 2806 7612,
1023 2757 1225 2799 incertum
1251 2756 1368 2798 euius
1387 2755 1451 2799 M
1476 2754 1623 2798 Silani
1642 2754 1785 2797 liberti
1803 2755 1871 2797 VI
1881 2757 2034 2800 20809.

317 2825 472 2873 20817,
504 2836 646 2865 servus
676 2823 744 2865 VI
766 2826 885 2866 9511.

230 2893 314 2934 554
343 2898 394 2932 M.
426 2897 594 2933 IVNIVS
627 2897 834 2933 SILANVS
866 2891 1015 2934 consul
1045 2907 1082 2934 a.
1105 2893 1187 2937 ine.
1210 2891 1379 2947 (paullo
1401 2895 1498 2934 ante
1520 2906 1559 2934 a.
1580 2894 1645 2942 56,
1677 2891 1796 2934 cuius
1815 2891 1922 2934 anni
1939 2904 2034 2933 eon-

314 2959 422 3002 sules
443 2959 594 3013 paullo
614 2962 715 3013 post
743 2959 789 3000 in
819 2962 847 3003 t.
878 2963 1179 3017 memorantur)
1211 2963 1238 3003 t.
1272 2961 1370 3015 ayri
1398 2960 1614 3003 Tiburtini
1630 2959 1711 3002 XI
1716 2959 1875 3002 V3471
1901 2973 2035 3013 nuper

315 3027 440 3081 plene
471 3027 598 3069 lectus
629 3028 681 3069 ab
707 3027 919 3070 Huelseno
949 3029 1035 3083 (ap.
1056 3028 1204 3071 Bruns
1229 3029 1367 3082 fontes
1386 3028 1495 3070 iuris
1514 3027 1705 3070 Romani
1724 3027 1788 3070 ed.
1808 3030 1834 3070 6
1855 3042 1902 3082 p.
1922 3026 2033 3082 314).

314 3095 460 3138 Iudice
491 3095 752 3137 Mommseno
792 3095 978 3138 diversus
1009 3097 1062 3139 ab
1094 3111 1140 3139 eo
1170 3097 1243 3150 qui
1272 3096 1494 3151 praeeedit
1522 3095 1689 3138 consule
1717 3095 1822 3138 anni
1847 3097 1914 3145 46,
1946 3097 2034 3137 tam

312 3167 489 3218 propter
518 3162 784 3205 intervallum
811 3164 938 3206 nimis
965 3164 1130 3218 lonyum
1162 3165 1214 3207 ab
1244 3179 1283 3207 a.
1314 3168 1380 3215 56,
1410 3178 1537 3219 quam
1557 3166 1787 3219 propterea
1814 3162 1926 3217 quod
1952 3162 2033 3204 eol-

315 3231 428 3285 Zeyae
447 3245 708 3286 praenomen
736 3231 900 3273 videtur
928 3233 1058 3285 fuisse
1087 3232 1140 3275 A.
1192 3232 1319 3275 Fieri
1340 3236 1477 3287 potest
1505 3235 1554 3274 ut
1580 3233 1638 3274 sit
1663 3232 1701 3273 is
1731 3231 1805 3285 qui
1830 3231 2028 3284 sequitur.

228 3300 310 3342 555
340 3306 392 3344 M.
435 3306 602 3342 IVNIVS
646 3305 853 3342 SILANVS
894 3314 976 3344 eos.
1019 3301 1114 3342 suff.
1155 3316 1300 3342 mense
1344 3301 1450 3345 Dee.
1490 3315 1527 3344 a.
1568 3300 1650 3342 inc.
1689 3313 1787 3342 eum
1825 3298 2028 3342 Terentio

314 3367 456 3410 Tullio
478 3369 658 3412 Gemino
689 3371 716 3410 t.
744 3367 933 3410 urbanus
964 3367 1105 3420 (villae
1125 3368 1377 3424 Pincianae)
1409 3383 1477 3423 ap.
1501 3368 1746 3410 Marinium
1762 3366 1867 3409 Arv.
1887 3381 1936 3422 p.
1960 3369 2028 3411 72.
