2202 3724
205 288 492 323 MARINIANA
1070 279 1155 321 344
1818 285 2007 322 MARIVS

206 418 287 459 212
318 421 631 457 MARINIANA:
680 414 783 456 diva
831 415 1074 456 Mariniana
1118 414 1279 456 nummi
1327 428 1395 468 ap.
1435 414 1595 456 Eekhel
1631 417 1660 456 7
1691 429 1739 469 p.
1769 417 1866 460 388.
1908 418 2006 466 389,

292 484 460 526 Cohen2
490 486 517 525 5
537 498 584 536 p.
608 486 688 525 341
715 496 795 536 seq.
810 516 820 533 ,
861 483 906 525 in
945 483 1011 525 his
1047 495 1157 524 unus
1198 495 1319 524 eusus
1359 482 1586 525 Viminaeii
1623 497 1690 525 an.
1723 483 1811 526 XV
1841 483 1869 525 i.
1901 498 1934 525 e.
1967 497 2006 526 a.

286 567 334 606 p.
363 551 466 593 Chr.
488 553 583 594 254.
646 551 818 593 Videtur
848 551 979 604 fuisse
1007 550 1159 592 mulier
1189 564 1240 592 ea·
1260 550 1381 593 domo
1410 550 1647 601 Valeriani,
1674 551 1857 604 fortasse
1875 551 2009 605 ipsius

288 634 396 662 uxor
426 622 522 661 ante
551 620 773 673 imperium
801 620 888 661 eius
919 619 1129 672 defuncta.
1183 617 1250 672 Cf.
1282 619 1357 660 sub
1389 632 1434 660 eo
1463 619 1538 672 qui
1566 620 1763 672 sequitur.

205 689 287 730 213
318 693 629 729 MARINIANVS
679 687 938 741 (Marianus,
990 687 1187 728 Marinus
1230 686 1425 728 nonnulli
1466 687 1676 740 fastorum
1718 687 1914 729 laterculi
1952 688 2007 741 ef.

292 756 525 797 Mommsen
552 755 691 797 oleron.
713 756 812 797 min.
843 755 877 797 I
890 770 938 809 p.
960 758 1058 798 289.
1089 758 1185 810 442,
1211 754 1506 796 Marianianus
1534 755 1642 808 fasti
1661 755 1836 810 Hydat„
1869 769 2009 797 errore

291 823 462 874 calami)
494 822 642 864 consul
663 823 752 865 ord.
777 839 813 865 a.
837 823 919 865 268
950 838 1045 865 cum
1069 823 1256 865 Paterno
1287 823 1443 865 iterum
1470 824 1588 877 fasti.
1629 823 1832 866 Eiusdem
1860 837 2010 866 nomen

290 892 335 933 in
374 905 541 933 nummo
583 890 774 933 Gallieni
816 905 934 945 quem
979 891 1111 933 edidit
1152 891 1439 933 Friedlander
1475 891 1679 934 Zeitsehr.
1720 892 1753 945 f.
1795 891 1925 934 Num.
1955 894 2009 933 10

292 957 430 1012 (1883)
455 974 502 1013 p.
524 962 578 1001 58
607 960 683 1001 ubi
700 960 880 1013 fortasse
909 960 997 1014 ipse
1017 963 1360 1014 repraesentatur
1379 960 1454 1002 sub
1475 959 1625 1002 habitu
1644 961 1774 1014 pueri
1800 974 1890 1002 una
1919 974 2011 1002 eum

287 1027 482 1070 Gallieno
514 1028 558 1069 in
589 1041 717 1069 curru
748 1027 895 1070 vehens
926 1028 1203 1083 (adscriptum
1227 1028 1317 1069 XX
1349 1027 1425 1082 [vel
1451 1027 1538 1070 XV
1551 1027 1588 1082 5³]
1620 1042 1703 1072 cos.
1732 1028 2009 1082 Mariniano).

288 1095 405 1137 Puer
447 1096 578 1149 iyitur
623 1109 672 1138 ex
718 1095 838 1138 domo
884 1095 1124 1146 Valeriani,
1175 1095 1292 1150 filius
1338 1096 1521 1150 fortasse
1572 1096 1856 1138 Marinicmae
1905 1109 2010 1150 quae

283 1162 516 1217 praeeedit.

206 1232 288 1274 214
319 1230 526 1280 Marinus,
559 1230 638 1272 sub
668 1230 870 1287 Philippo
903 1247 928 1273 a
957 1232 1115 1274 Moesis
1147 1238 1189 1274 et
1213 1233 1474 1274 Pannonicis
1506 1231 1767 1275 exercitibus
1788 1231 2010 1287 Augustus

291 1298 543 1355 appellatus,
576 1314 680 1341 mox
710 1314 941 1356 oppressus
965 1301 1158 1342 Zosimus
1177 1304 1216 1351 1,
1237 1303 1307 1344 20.
1330 1304 1399 1344 21.
1439 1300 1558 1343 Idem
1587 1300 1752 1343 violetur
1771 1300 1839 1343 Ti.
1865 1299 2011 1353 Cl(au-

292 1367 406 1421 dius)
438 1367 546 1409 Mar.
578 1367 839 1409 Pacatianus
869 1367 984 1423 Aug.
1016 1369 1069 1422 of.
1101 1369 1176 1410 sub
1207 1368 1296 1411 hoe.
1534 1425 1537 1428 Α

224 1461 275 1466 -
319 1442 379 1477 TI.
412 1436 696 1490 eL(AvD1vs)
726 1437 991 1491 MAR(1NVS)
1022 1443 1334 1479 PAOATIANVS
1364 1443 1476 1479 Ave.
1521 1435 1527 1440 ‘

223 1530 274 1534 —-
321 1504 603 1558 CL(AVD1VS)
638 1504 985 1561 [SOLLEMNIVS]
1017 1511 1258 1548 MARINVS.

219 1598 277 1603 ——
320 1579 364 1615 L.
393 1578 562 1614 DIDIVS
594 1579 834 1615 MARINVS.

217 1666 275 1671 -—-
318 1641 369 1683 L.
400 1640 558 1682 Didius
588 1640 798 1685 Marinus,

220 1735 275 1739 -—
318 1708 454 1751 Iulius
484 1709 695 1751 Marinus.

219 1803 277 1807 -—
320 1784 363 1821 L.
396 1784 561 1819 IVLIVS
592 1783 817 1820 MARINVS
851 1784 1113 1820 GAEOILIVS
1146 1785 1378 1822 SIMPLEX.

220 1871 277 1875 —
321 1852 362 1888 C.
394 1851 611 1888 LICINIVS
642 1852 867 1888 MARINVS
898 1853 1146 1889 VOCONIVS
1178 1853 1430 1889 ROMANVS.

222 1940 278 1944 —
321 1915 568 1956 Postumius
598 1914 807 1957 Marinus.

222 2008 279 2014 ——
322 1983 550 2025 Trebatius
581 1983 789 2025 Marinus.

222 2077 279 2083 ——
323 2051 565 2094 Trebellius
596 2051 804 2094 Marinus.

221 2145 277 2150 ——
320 2127 361 2163 P.
392 2126 641 2162 VALERIVS
673 2126 913 2162 MARINVS.

209 2257 290 2299 215
322 2257 507 2312 Marius,
549 2256 738 2313 puellam
767 2256 1008 2299 adamatam
1039 2257 1305 2310 occidit‚·se
1345 2259 1487 2314 ipsum
1526 2258 1830 2314 praecipitavit
1858 2256 2012 2299 Horat.

292 2339 412 2368 serm.
434 2328 476 2376 2,
498 2328 536 2376 3,
559 2328 656 2369 277.

209 2395 292 2436 216
322 2394 499 2448 Marius7
532 2399 670 2450 poeta,
703 2395 824 2435 varia
855 2395 1026 2450 scripsit
1057 2395 1320 2450 temporibus
1342 2394 1475 2437 Ovidi
1506 2394 1624 2438 Ovid.
1647 2408 1698 2437 ex
1717 2393 1769 2437 P.
1789 2397 1828 2444 4,
1853 2395 1917 2444 16,
1939 2396 2011 2436 24.

296 2461 361 2515 Of.
396 2461 554 2513 Teuffel
583 2463 687 2504 Litt.
709 2465 810 2513 252,
837 2465 901 2507 12.

211 2530 291 2572 217
324 2531 500 2584 Marius,
526 2529 698 2572 Atinas:
731 2532 768 2572 ei
798 2532 841 2571 in
872 2531 1056 2586 patriam
1087 2530 1304 2573 rediturus
1334 2531 1556 2587 praedium
1588 2545 1714 2573 suum
1743 2528 2014 2572 commendat

295 2597 505 2640 Martialis
536 2612 596 2652 ep.
619 2601 684 2649 16,
707 2602 777 2641 92.
838 2599 1051 2641 Incertum
1081 2613 1182 2641 num
1211 2599 1320 2642 idem
1350 2599 1515 2641 Marius
1547 2598 1684 2642 Mart.
1712 2602 1749 2649 7,
1769 2601 1837 2649 87,
1858 2600 1899 2641 5.

211 2667 292 2709 218
326 2673 366 2708 C.
386 2673 573 2708 MARIVS
597 2666 644 2710 C.
667 2667 695 2709 f.
729 2665 893 2721 (patris
920 2682 1068 2710 nomen
1103 2667 1179 2710 dat
1214 2681 1478 2710 nummorum
1507 2667 1630 2721 infra
1659 2667 1882 2709 citatorum
1902 2679 2014 2721 pars

296 2737 334 2776 et
355 2734 500 2776 titulus
531 2734 599 2776 VI
621 2738 756 2791 9610),
789 2735 908 2778 tribu
931 2736 1212 2778 Tromentina
1232 2736 1384 2790 (tribus
1405 2735 1571 2778 adiecta
1599 2738 1637 2777 et
1660 2735 1706 2776 in
1727 2738 1768 2785 t.,
1799 2735 1876 2777 ubi
1892 2748 2014 2777 voca—

299 2802 441 2844 bulum
477 2802 595 2856 plene
625 2804 932 2857 perserifflum,
976 2808 1014 2846 et
1052 2805 1099 2846 in
1135 2805 1346 2861 nummis).
1405 2803 1627 2845 Triumvir
1666 2801 1892 2844 monetalis
1931 2802 2013 2844 sub

296 2871 494 2925 Augusto
526 2885 611 2912 non
642 2878 741 2912 ante
771 2887 931 2913 annum
953 2873 1033 2915 737
1064 2872 1243 2927 (Eckhel
1272 2876 1298 2914 6
1318 2886 1366 2926 p.
1387 2871 1496 2926 103),
1530 2871 1604 2913 sed
1636 2886 1723 2913 non
1752 2870 1887 2913 multo
1918 2876 2015 2926 post

298 2940 368 2994 (ef.
402 2938 638 2980 Mommsen
665 2938 759 2982 hist.
789 2953 943 2982 numm.
964 2955 1013 2994 p.
1037 2943 1115 2982 743
1143 2943 1228 2982 not.
1251 2942 1319 2996 10)
1349 2941 1511 2982 nummi
1539 2939 1655 2994 apud
1677 2939 1870 2982 Babelon
1897 2951 2014 2981 mon-

295 3007 416 3049 naies
447 3006 494 3048 de
525 3006 569 3048 la
597 3007 683 3060 rep.
715 3021 818 3049 rom.
843 3008 903 3049 II
917 3022 965 3061 p.
987 3012 1073 3051 204
1099 3022 1180 3062 seq.
1235 3008 1310 3051 Ad
1336 3021 1500 3051 servum
1530 3009 1619 3050 eius
1648 3007 1838 3062 pertinet
1867 3006 2014 3049 titulus

295 3074 546 3117 columbarii
573 3074 732 3116 urbani
773 3075 836 3117 VI
860 3079 980 3119 9610.

212 3143 295 3186 219
327 3143 427 3186 Sex.
458 3142 624 3184 Marius
657 3142 836 3198 (Μάρκος
866 3144 1006 3190 Σέξτος
1034 3143 1197 3198 Xiph.),
1231 3145 1542 3200 Hispaniarum
1573 3143 1809 3185 ditissimus
1844 3142 1942 3186 Tae.
1973 3156 2012 3186 a.

296 3214 333 3262 6,
364 3213 418 3254 19
449 3210 617 3265 (servus
655 3211 745 3252 eius
777 3210 1007 3253 Cordubae
1038 3212 1231 3267 sepultus
1262 3213 1324 3254 II
1344 3213 1492 3267 2269),
1525 3211 1699 3254 Tiberio
1730 3212 1892 3253 amicus
1924 3208 2013 3253 Dio

297 3281 363 3329 58,
396 3282 471 3322 22.
544 3277 599 3321 Α.
635 3279 688 3321 25
729 3285 956 3320 accusatur
996 3294 1021 3321 a
1058 3279 1295 3335 Calpurnio
1337 3280 1542 3324 Salviano
1582 3286 1885 3335 conterraneo‚
1937 3277 2013 3321 sed

299 3347 460 3389 frustra
495 3347 592 3391 Tae.
615 3361 654 3389 a.
676 3350 715 3397 4,
736 3349 802 3397 36,
831 3346 972 3389 denuo
1003 3362 1041 3389 a.
1064 3348 1118 3389 33
1150 3348 1301 3390 incesti
1332 3349 1546 3390 commissi
1577 3362 1675 3390 cum
1703 3347 1803 3402 filia,
1835 3353 1878 3389 et
1908 3361 2012 3388 saxo
