2236 3710
981 1111 1060 1190 D

147 1286 167 1327 1
204 1281 457 1337 *Dagellius
473 1282 655 1336 Fuscus,
677 1288 726 1324 ut
746 1290 898 1325 auctor
918 1283 1075 1325 citatus
1091 1283 1188 1337 triy.
1204 1285 1283 1337 tyr.
1295 1285 1365 1332 25,
1378 1286 1422 1325 2.
1461 1282 1529 1336 Cf.
1546 1283 1735 1326 Arellius
1751 1285 1934 1327 Fuscus,

143 1355 170 1396 2
200 1351 447 1394 Dalmatius
475 1357 601 1408 pater
630 1351 765 1394 Probi
795 1352 1066 1408 imperatoris
1097 1351 1239 1394 Victor
1268 1365 1330 1405 ep.
1359 1354 1428 1393 37.

143 1423 171 1464 3
200 1420 496 1463 Damostratia
526 1418 749 1462 Commodi
779 1421 1033 1475 concubina,
1066 1436 1093 1463 a
1117 1419 1332 1463 Cleandro
1360 1435 1474 1462 uxor
1503 1420 1634 1463 ducta
1655 1421 1744 1464 Dio
1766 1424 1834 1472 72,
1863 1425 1933 1465 12.

143 1491 172 1533 4
199 1490 504 1546 Damasippus,
537 1502 560 1530 e
590 1488 725 1531 nobili
752 1488 898 1531 ludius
931 1488 1122 1534 Juvenal.
1152 1491 1192 1539 8,
1221 1491 1315 1531 185.

144 1560 170 1603 5
199 1564 426 1601 DANACIA
457 1563 745 1609 QVARTILLA
773 1564 1071 1599 AVRELIANA
1103 1557 1342 1600 clarissima
1368 1557 1531 1600 femina
1561 1558 1685 1601 VIII
1713 1559 1934 1602 S.11152.

144 1629 171 1671 6
200 1628 366 1684 Dapyx
396 1627 609 1671 Getarum
640 1625 828 1682 regulus,
860 1641 886 1669 a
911 1627 972 1670 M.
1005 1626 1161 1670 Crasso
1192 1627 1360 1669 occisus
1390 1642 1427 1670 a.
1461 1628 1543 1670 725
1574 1627 1662 1670 Dio
1689 1630 1756 1677 51,
1776 1630 1849 1670 20.

147 1698 172 1740 7
201 1697 386 1750 Dareus,
418 1694 632 1738 Artabani
653 1695 768 1750 regis
789 1694 1052 1738 Parthorum
1082 1694 1209 1751 filius,
1242 1695 1367 1738 obses
1387 1695 1516 1738 datus
1537 1696 1714 1739 Tiberio
1734 1695 1938 1750 Iosephus

203 1768 290 1808 ant.
314 1767 380 1815 18,
402 1767 441 1815 4,
464 1767 503 1807 5.
547 1763 631 1807 Gai
654 1779 832 1806 currum
853 1765 1086 1807 comitatur
1105 1779 1184 1821 per
1204 1765 1421 1807 Baianum
1442 1765 1583 1807 sinum
1606 1765 1723 1809 Suet.
1747 1764 1841 1807 Cal.
1862 1768 1939 1815 19,-

202 1834 291 1878 Dio
319 1836 387 1884 59,
409 1836 476 1876 17.

143 1905 169 1947 8
200 1904 373 1946 Dareus
417 1900 662 1958 praefectus
708 1902 904 1958 equitum
948 1903 1064 1958 regis
1101 1903 1327 1959 Agrippae
1377 1903 1558 1945 iunioris
1594 1901 1800 1958 Iosephus
1844 1901 1937 1944 bell.

201 1977 246 2024 2,
267 1975 334 2023 17,
354 1974 395 2013 4.

146 2042 173 2085 9
203 2048 249 2083 L.
271 2046 524 2082 DASVMIVS
547 2040 748 2094 (TVSCVS
761 2041 814 2095 ?).
849 2038 1053 2096 [Λ]οὖκιος
1075 2040 1328 2097 Δασοῦμμιος
1349 2074 1359 2084 .
1384 2075 1394 2084 .
1417 2074 1426 2083 .
1450 2074 1460 2083 .
1501 2043 1529 2082 t.
1549 2039 1752 2082 Milesius
1789 2038 1937 2082 CIGr.

202 2113 316 2154 2876
344 2109 399 2163 of.
431 2109 720 2164 Waddinyton
750 2109 884 2163 fustes
912 2123 955 2151 n.
987 2113 1086 2160 120,
1110 2112 1342 2164 praeterea
1371 2109 1582 2162 Dasum-2,
1618 2107 1668 2150 de
1698 2108 1940 2162 coynome‘ne

202 2192 240 2221 v.
259 2178 405 2232 vinfra.
466 2177 557 2221 Sub
587 2176 777 2219 Traiano
804 2177 937 2220 Asiae
966 2177 1199 2234 proconsul
1230 2181 1259 2220 t.
1292 2178 1507 2221 Ilffilesius.
1566 2177 1654 2219 Hic
1684 2177 1778 2218 sine
1807 2175 1939 2218 dubio

205 2248 251 2289 in
281 2245 508 2289 consulatu
548 2253 700 2288 auctor
731 2253 905 2289 senatus
937 2246 1123 2289 consulti
1153 2247 1411 2289 Dasumiani
1443 2247 1498 2289 de
1531 2246 1943 2288 fideicommissariis

201 2314 475 2358 libertatibus
494 2314 597 2370 Diy.
618 2314 705 2357 XL
727 2317 767 2365 5,
789 2318 845 2357 36
866 2330 954 2369 pr„
986 2318 1051 2366 51,
1073 2319 1113 2358 4.
1172 2315 1278 2358 Post
1314 2330 1472 2358 annum
1501 2318 1582 2358 103
1612 2314 1821 2357 consulem
1852 2328 1944 2355 eum

202 2383 335 2438 fuisse
363 2384 515 2426 statuit
534 2383 773 2426 Mommsen
796 2383 944 2426 Herm.
972 2387 1001 2426 3
1026 2399 1074 2439 p.
1105 2386 1159 2427 45
1185 2387 1286 2434 not„
1318 2383 1411 2426 ideo
1441 2383 1553 2438 quod
1580 2385 1752 2425 senatus
1782 2382 1944 2425 consul-

204 2455 292 2494 tum
322 2451 639 2494 Dasumianunz
678 2453 840 2506 factum
879 2456 940 2495 est
969 2456 1070 2507 post
1099 2452 1395 2503 Rubrianum,
1436 2453 1514 2495 hoe
1554 2455 1694 2494 autem
1723 2451 1886 2505 factum
1917 2465 1945 2492 a

204 2521 371 2563 Rubrio
409 2520 538 2563 Gallo
569 2524 609 2562 et
640 2521 706 2563 M.
737 2521 951 2576 Eppuleio
979 2521 1165 2563 Proculo
1207 2520 1419 2575 Caepione
1458 2521 1650 2576 Hispone
1691 2519 1942 2569 consulibus,

205 2603 308 2643 quos
342 2589 480 2643 fasces
513 2590 690 2644 ¹qessisse
730 2604 770 2632 a.
802 2593 883 2632 103
922 2590 985 2632 vel
1013 2590 1166 2645 paullo
1197 2593 1352 2644 postea
1391 2589 1502 2632 idem
1541 2589 1708 2644 eolleyit
1746 2603 1797 2630 ex
1826 2588 1944 2629 Plin.

206 2672 268 2712 ep.
300 2661 339 2708 4,
369 2660 410 2707 9,
440 2660 494 2699 16
504 2670 517 2709 ,·
557 2661 706 2700 contra
735 2658 1038 2713 Waddinqton'
1057 2659 1190 2712 fustes
1229 2673 1271 2700 n.
1303 2661 1388 2701 120
1419 2657 1628 2701 consulem
1667 2671 1759 2699 eum
1796 2657 1948 2699 statuit

205 2726 337 2780 fuisse
376 2726 474 2768 circ.
516 2740 628 2769 anno
667 2730 734 2777 99,
767 2726 1117 2782 proconsulatum
1156 2728 1245 2769 eius
1284 2726 1531 2769 adtribuens
1571 2740 1684 2768 anno
1723 2726 1821 2768 cire.
1853 2728 1946 2767 114.

205 2794 276 2836 Ab
317 2793 458 2837 eodem
496 2798 545 2837 ut
582 2795 750 2838 videtur
788 2797 951 2850 factum
992 2810 1032 2838 a.
1069 2798 1152 2838 108
1187 2798 1478 2838 testamentum
1520 2794 1660 2849 lapidi
1696 2794 1948 2848 inscriptum

205 2863 402 2905 mutilum
432 2862 501 2906 VI
511 2867 658 2907 10229
689 2864 744 2917 ef.
767 2878 808 2918 p.
832 2868 954 2907 1349.
1009 2864 1153 2907 Huius
1182 2865 1366 2919 fortasse
1395 2864 1514 2920 filius
1544 2863 1766 2918 adoptivus
1784 2863 1835 2905 L.
1860 2862 1947 2904 Da-

210 2932 386 2987 sumius,
416 2932 463 2976 P.
484 2931 618 2974 Tullii
638 2933 849 2975 Varronis
870 2933 900 2975 f.
927 2932 1100 2975 Tullius
1122 2933 1304 2988 Tuscus,
1328 2933 1383 2987 ef.
1416 2933 1486 2975 VI
1497 2935 1642 2976 10229
1663 2945 1700 2973 v.
1724 2934 1775 2982 4,·
1801 2930 1951 2985 quodsi

207 3000 272 3042 ita
299 3003 371 3050 est,
404 3014 628 3055 coqnomen
658 3001 698 3043 ei
724 3000 889 3043 videtur
918 3002 1051 3055 fuisse
1080 3002 1265 3044 Tuscus.

124 3069 178 3111 10
208 3075 253 3110 L.
284 3074 537 3111 DASVMIVS
569 3075 782 3111 TVLLIVS
811 3076 1011 3112 TVSCVS.
1048 3070 1203 3113 Tituli:
1228 3069 1550 3124 Tarquiniensis
1568 3069 1650 3112 XI
1660 3070 1767 3110 3365
1779 3068 1950 3122 positus

210 3151 238 3179 a
258 3136 407 3179 liberto
426 3141 475 3179 ut
493 3137 660 3180 videtur
679 3139 827 3192 patris
848 3136 933 3196 (1);
967 3139 1288 3193 Tarquiniensis
1315 3138 1424 3180 alter
1455 3137 1682 3192 acephalus
1706 3137 1948 3178 coniectura

211 3205 269 3247 ad
288 3219 380 3247 eum
399 3205 559 3248 relatus
578 3206 660 3248 XI
669 3209 778 3249 3366
806 3205 894 3264 (2),·
922 3207 1114 3250 urbanus
1140 3207 1210 3249 VI
1221 3210 1333 3250 1526
1353 3207 1524 3261 positus
1546 3221 1574 3249 a
1595 3204 1950 3260 Luydunensibus

211 3274 330 3316 euius
358 3287 443 3316 non
473 3278 590 3317 extat
613 3275 701 3316 nisi
720 3275 1005 3330 fraymentum
1028 3274 1111 3332 (3);
1142 3275 1418 3318 Pannonicus
1441 3275 1531 3318 ΙΙΙ
1541 3277 1653 3317 4117
1670 3271 1742 3329 (4).
1786 3273 1838 3317 L.
1859 3272 1948 3314 Da-

208 3342 373 3384 sumius
404 3342 454 3384 P.
484 3342 514 3385 f.
545 3341 719 3386 Tullius
748 3344 922 3385 Tuscus
954 3344 1017 3386 tit.
1047 3347 1086 3393 1,
1119 3344 1170 3386 L.
1202 3343 1372 3386 Tullius
1403 3344 1571 3385 Tuscus
1603 3346 1631 3384 t.
1662 3346 1706 3391 4,
1739 3340 1949 3397 [TJullius

1624 3409 1670 3444 1*
