2190 3724
282 292 414 342 GETA
446 356 449 357 ⁷
1141 296 1221 338 118
1860 301 2085 338 GLAvcvs

295 459 353 464 ——
399 440 476 478 CN.
507 439 739 476 HOSIDIVS
774 439 919 474 GETA.

295 528 351 532 —
395 509 446 546 M.
478 508 710 543 Hosmivs
745 501 922 555 [GET]A.

299 598 350 602 —
399 570 452 622 Q.
484 570 693 612 Hosidius
725 569 847 611 Geta.

300 664 349 668 -—
398 639 557 680 Lusius
589 637 714 680 Geta.

302 732 353 736 -
399 707 448 748 P.
480 706 713 763 Septimius
745 705 870 747 Geta.

300 800 351 803 —-
398 781 438 818 P.
471 774 734 815 SEPTIMIVS
767 779 912 816 GETA.

302 867 355 872 —-—
399 848 439 883 P.
472 842 552 892 (vel
582 842 644 895 L.)
678 848 941 883 SEPTIMIVS
974 847 1106 882 GETA
1139 848 1347 885 CAESAR.

301 937 351 941 —-—
400 916 440 951 C.
473 916 706 952 VITORIVS
737 915 969 951 HOSIDIVS
1003 916 1147 954 GETA.

288 980 368 1021 106
401 977 536 1031 Gillo,
576 994 601 1020 a
640 978 819 1032 femina,
865 992 963 1019 cum
1002 993 1088 1034 qua
1133 979 1435 1020 commercium
1481 979 1617 1034 stupri
1658 977 1830 1031 habuit,
1876 976 1999 1019 heres
2039 990 2095 1021 ex

372 1046 537 1096 deunce
567 1046 741 1090 relictus
769 1046 985 1092 Iuvenalis
1004 1050 1041 1100 1,
1062 1050 1130 1088 40.
1682 1054 1685 1057 ’

292 1116 369 1158 107
402 1114 531 1164 Gillo,
556 1129 708 1158 servus
733 1114 967 1168 Aureliani,
1003 1116 1070 1157 cui
1103 1111 1303 1156 dominus
1336 1115 1571 1170 plurimum
1595 1114 1748 1157 detulit
1766 1115 1837 1156 vit.
1861 1113 2008 1158 Aurel.
2029 1116 2097 1157 50.

305 1210 354 1215 ———
399 1190 453 1229 M.
484 1189 699 1226 FVLVIVS
730 1188 895 1226 GILLO.

303 1276 355 1282 —
403 1258 445 1302 Q.
475 1258 691 1297 FVLVIVS
723 1257 871 1293 GILLO
901 1258 1097 1293 BITTIVS
1128 1257 1397 1295 PROCVLVS.

290 1321 371 1363 108
403 1320 583 1364 Glabrio
614 1322 683 1362 vir
712 1319 889 1361 illustris
920 1320 959 1373 (6
990 1321 1130 1373 πάνυ),
1174 1321 1335 1361 amicus
1373 1327 1420 1362 ut
1450 1319 1622 1362 videtur
1654 1319 1752 1362 Alis
1756 1292 1856 1360 tidis
1886 1318 2100 1372 Aristides

373 1390 488 1446 ἱερῶν
510 1388 626 1444 λόγος
654 1389 687 1430 I
693 1388 733 1435 V
746 1389 796 1443 (I
810 1402 857 1442 Ρ.
878 1391 959 1431 530
980 1387 1205 1442 Dindoif).
1271 1388 1568 1430 Pooconsulem
1598 1387 1734 1429 Asiae
1759 1386 1851 1440 (sub
1881 1386 2101 1432 Antonino

376 1456 475 1514 P-eo)
510 1471 600 1499 eum
632 1457 762 1510 fuisse
792 1457 967 1498 eoni'eeit
995 1456 1280 1510 Waddinyton
1309 1459 1426 1498 nie'ne.
1459 1457 1507 1498 cle
1538 1456 1689 1498 l'aead.
1727 1455 1797 1497 des
1826 1456 1952 1498 inser.
1983 1458 2052 1510 26,
2075 1458 2100 1496 1

375 1527 516 1582 (1867)
539 1540 586 1579 Ρ.
608 1528 693 1568 246
723 1526 777 1578 of.
805 1525 937 1578 fastes
967 1524 1037 1566 des
1058 1539 1180 1578 Ρνου.
1213 1526 1338 1566 asiat.
1370 1539 1410 1568 n.
1437 1529 1518 1567 140
1553 1525 1740 1578 referens
1768 1523 1825 1566 ad
1853 1538 1945 1567 eum
1973 1524 2102 1566 verba

377 1594 587 1636 Aristidis
606 1593 760 1648 paullo
789 1596 883 1647 post
913 1594 1121 1635 subiecta:
1152 1595 1171 1635 6
1203 1596 1413 1651 σοφιστὴς,
1451 1594 1495 1636 οὗ
1527 1598 1655 1651 μικρῷ
1684 1593 1855 1650 πρόσθεν
1887 1594 2101 1652 ἐμνήσθην,

374 1663 521 1719 ἧρχενς
551 1662 625 1704 sed
651 1676 719 1704 res
748 1663 910 1704 ineerta
942 1665 1014 1703 est.

307 1756 361 1760 --
405 1738 456 1774 Μ.
489 1737 684 1772 ACILIVS
718 1736 949 1772 GLABRIO.

307 1824 361 1830 —
406 1801 477 1843 M’.
508 1805 705 1840 ACILIVS
737 1805 968 1841 GLABRIO.

309 1893 363 1899 —
408 1873 479 1912 M’.
511 1873 710 1909 ACILIVS
742 1872 960 1908 GLABRIO
995 1873 1070 1909 CN.
1105 1873 1386 1908 CORNELIVS
1419 1873 1658 1911 SEVERVS.

312 1961 366 1966 —
412 1943 464 1978 M.
494 1942 691 1977 AOILIVS
723 1942 960 1976 MEMMIVS
993 1941 1223 1979 GLABRIO.

301 2005 381 2047 109
412 2003 647 2061 Glaphyra,
666 2003 868 2046 Archelai
891 2005 1004 2058 regis
1026 2003 1334 2060 Cappadocum
1362 2003 1461 2057 filia,
1484 2003 1610 2045 nubit
1630 2002 1892 2058 Alexandro,
1916 2002 2105 2046 Herodis

383 2073 643 2117 Iudaeorum
675 2073 789 2127 regis
821 2071 908 2114 filio
940 2072 1143 2127 Iosephus
1174 2075 1261 2114 ant.
1295 2075 1359 2122 16,
1382 2076 1419 2127 1,
1443 2076 1473 2116 2
1503 2073 1557 2126 ef.
1591 2071 1683 2114 bell.
1705 2075 1743 2122 1,
1765 2075 1834 2122 23,
1856 2075 1894 2114 1.
1955 2072 2027 2113 Ex
2055 2085 2104 2112 eo

383 2148 519 2183 mater
558 2141 607 2183 fit
646 2140 830 2183 duorum
870 2140 1054 2183 filiorum
1094 2141 1295 2195 Tigranis
1337 2147 1379 2182 et
1412 2139 1652 2182 Alexandri
1679 2140 1738 2182 id.
1771 2140 1864 2182 bell.
1894 2144 1932 2191 1,
1961 2142 2032 2190 28,
2063 2142 2103 2189 1,

386 2213 472 2253 ant.
494 2213 559 2260 17,
584 2213 622 2259 1,
644 2212 687 2252 2.
733 2208 1061 2252 Vicissitudines
1083 2210 1173 2250 eius
1195 2210 1239 2249 in
1261 2208 1360 2250 aula
1381 2208 1641 2251 Iudaeorum
1671 2223 1809 2265 usque
1839 2208 1894 2250 ad
1924 2213 2105 2251 mortem

383 2278 527 2320 mariti
559 2284 707 2320 narrat
735 2277 938 2331 Iosephus
970 2277 1062 2321 bell.
1093 2281 1132 2327 1,
1163 2280 1233 2328 24,
1265 2281 1308 2320 2.
1339 2281 1377 2327 3,
1412 2291 1444 2319 e.
1469 2280 1536 2328 25,
1568 2281 1607 2319 1.
1637 2279 1676 2328 5,
1710 2280 1797 2321 ant.
1825 2280 1891 2327 16,
1922 2280 1961 2327 7,
1992 2279 2035 2320 2.
2063 2279 2103 2326 4,

386 2361 418 2388 c.
438 2349 479 2397 8,
501 2350 539 2396 6,
567 2360 600 2388 e.
622 2349 687 2396 10,
712 2349 749 2388 1.
772 2350 809 2388 7.
857 2346 960 2388 Post
980 2353 1161 2388 mortem
1182 2347 1326 2388 mariti
1349 2362 1446 2388 cum
1469 2346 1569 2388 dote
1592 2347 1826 2389 remittitur
1855 2345 1910 2387 ad
1940 2352 2105 2402 patrem

385 2415 442 2458 id.
475 2414 567 2456 bell.
585 2418 623 2465 1,
645 2417 715 2465 28,
738 2418 775 2465 1,
809 2418 896 2456 ant.
920 2418 985 2465 17,
1009 2418 1046 2465 1,
1069 2418 1107 2456 1.
1164 2416 1320 2457 Postea
1353 2416 1497 2471 nupsit
1526 2415 1660 2457 Iubae
1690 2416 1782 2469 regi
1811 2414 2108 2456 Mauretaniae

386 2483 443 2526 id.
468 2483 560 2524 bell.
581 2486 625 2533 2,
648 2486 686 2533 7,
707 2487 746 2533 4,
780 2486 867 2525 ant.
889 2487 956 2534 17,
979 2487 1044 2533 13,
1065 2487 1104 2526 4.
1145 2483 1216 2526 Ab
1242 2484 1322 2526 hoc
1354 2490 1400 2525 ut
1429 2483 1602 2525 videtur
1632 2483 1857 2540 repudiata
1887 2484 1988 2538 (nan
2009 2485 2110 2538 post

386 2554 558 2593 mortem
589 2551 734 2601 Iubae,
766 2555 814 2593 ut
845 2553 908 2593 ait
936 2551 1150 2605 Iosephus,
1184 2553 1237 2605 ef.
1259 2553 1335 2594 sub
1355 2552 1484 2607 Iuba)
1516 2553 1663 2608 nupsit
1692 2567 1730 2594 a.
1754 2552 1836 2594 750
1866 2550 1935 2593 vel
1965 2550 2110 2608 paullo

389 2627 485 2676 post
515 2619 727 2662 Archelao
760 2619 1033 2674 ethnarchae‚
1076 2621 1231 2676 prioris
1268 2621 1411 2662 mariti
1443 2620 1565 2662 fratri
1596 2620 1654 2664 id.
1688 2623 1775 2661 ant.
1806 2622 1872 2669 17,
1905 2622 1969 2670 13,
2000 2622 2039 2663 1.
2069 2622 2110 2668 4,

391 2688 483 2730 bell.
504 2691 547 2737 2,
572 2691 608 2737 7,
630 2692 669 2730 4.
728 2688 916 2730 Moritur
945 2703 980 2729 c.
1013 2703 1049 2731 a.
1082 2703 1123 2743 p.
1155 2688 1202 2730 C.
1236 2690 1261 2730 6
1290 2688 1392 2730 ibid.
1424 2713 1479 2718 --
1509 2688 1584 2730 Aa
1609 2702 1701 2730 eain
1730 2687 1896 2729 videtur
1924 2690 2111 2742 spectare

390 2755 537 2798 titulus
566 2756 834 2798 Atheniensis
862 2755 1014 2798 CIAtt.
1037 2760 1076 2806 3,
1097 2759 1179 2798 549
1210 2757 1264 2810 cf.
1300 2757 1535 2798 Mommsen
1562 2756 1650 2809 eph.
1674 2771 1736 2810 ep.
1759 2756 1792 2798 I
1807 2770 1854 2809 Ρ.
1876 2758 1974 2798 277.

307 2825 389 2867 110
419 2823 669 2880 Glaphyrus
706 2839 791 2865 una
830 2839 925 2865 cum
968 2824 1216 2866 citharoedo
1258 2831 1300 2866 et
1342 2824 1543 2866 choraule
1585 2826 1834 2865 nominatur
1864 2838 1890 2865 a
1919 2823 2110 2866 Juvenal.

391 2895 428 2942 6,
463 2895 517 2934 77
524 2905 537 2942 ;
568 2892 621 2945 ef.
656 2892 860 2933 Martial.
883 2896 922 2942 4,
952 2894 991 2942 5,
1021 2894 1061 2934 8.
1122 2891 1326 2934 Fortasse
1356 2892 1464 2934 idem
1508 2893 1574 2936 Ti.
1613 2891 1820 2935 Claudius
1862 2891 2113 2948 Glaphyrus

393 2959 618 3002 choraules
637 2959 863 3002 Actionica
885 2967 925 3001 et
947 2959 1227 3002 Sebastonica
1253 2960 1320 3002 VI
1332 2964 1483 3003 10120.
1534 2960 1737 3002 Eiusdem
1757 2961 1939 3002 nominis
1959 2961 2109 3003 tibicen

394 3032 454 3071 est
483 3029 610 3072 etiam
641 3028 756 3070 anth.
780 3028 875 3070 Pal.
900 3032 937 3078 9,
960 3032 1053 3070 517.
1109 3028 1175 3082 Cf.
1200 3028 1507 3071 Friedlaender
1531 3029 1709 3083 Sittenq.
1731 3029 1793 3071 II
1796 3030 1812 3053 ⁶
1832 3043 1880 3082 Ρ.
1902 3031 1997 3071 627.

312 3099 389 3140 111
426 3096 609 3141 Glaucia
640 3097 716 3151 (sie
747 3096 947 3143 Martial.
971 3099 1008 3146 6,
1031 3096 1105 3150 29)
1135 3096 1199 3138 vel
1231 3096 1434 3140 Glaucias
1466 3095 1543 3149 (sie
1575 3097 1776 3138 Martial.
1803 3100 1840 3151 6,
1861 3099 1937 3153 28)
1968 3090 2119 3138 Atedii

396 3165 587 3208 Melioris
609 3164 800 3219 libertus,
820 3163 999 3206 deliciae
1016 3166 1198 3220 patroni,
1217 3164 1445 3207 defunctus
1466 3180 1676 3207 annorum
1694 3165 1901 3207 tredecim
1913 3164 2115 3207 Martial.

396 3237 433 3283 6,
467 3236 537 3292 28.
568 3236 639 3276 29.
699 3233 954 3289 Epicedium
983 3234 1027 3274 in
1060 3248 1156 3274 eum
1187 3234 1358 3289 scripsit
1387 3234 1556 3276 Statius
1586 3233 1676 3275 silv.
1707 3237 1750 3284 2,
1779 3238 1804 3276 1
1835 3234 1890 3287 ef.
1920 3236 1952 3276 2
1970 3233 2115 3288 praef.

400 3300 603 3358 Sepultus
634 3300 691 3343 ad’
718 3302 833 3343 viam
863 3301 1122 3343 Flaminiam
1153 3301 1320 3344 Statius
1351 3302 1377 3343 l.
1410 3317 1442 3344 e.
1464 3305 1558 3352 176,
1591 3302 1730 3344 Mart.
1757 3305 1795 3352 6,
1816 3304 1886 3352 28,
1908 3304 1947 3345 5.

329 3394 383 3401 ·-
427 3376 479 3411 M.
510 3375 730 3411 MARCIVS
761 3375 925 3411 BIETIS
958 3375 1197 3411 GLAVCVS.
