2202 3724
275 293 532 329 MVNATIVS
1137 283 1221 326 390
1815 289 2073 327 MVNATIVS

360 423 514 466 Iustiu.
553 422 728 475 martyr.
771 419 880 474 apol.
913 419 947 461 I
978 433 1011 462 c.
1043 422 1126 470 29;
1174 433 1275 461 uam
1315 421 1496 473 propter
1539 419 1726 463 minime
1754 422 1891 463 certas
1933 433 2085 464 causas

361 490 645 544 Waddireytou
684 489 819 543 (quem
847 488 979 530 secuti
1007 501 1149 529 sumus
1182 500 1315 541 supra
1345 486 1392 529 F
1411 486 1509 541 107)
1539 487 1648 530 hunc
1676 487 1863 531 Felicem
1888 490 2086 532 attribuit

362 558 615 612 temporibus
644 556 880 598 Hadriani.
1207 557 1210 561 ’

280 627 362 670 530
394 626 616 668 Munatius
649 623 814 678 Gallus,
847 623 973 665 homo
1006 623 1210 678 optimus:
1254 637 1352 664 eum
1382 622 1632 678 adloquitur
1662 624 1890 668 Martialis
1918 629 1986 677 10,
2016 630 2083 670 33.

362 693 475 736 Filia
506 700 548 734 et
578 707 786 734 consocer
826 693 919 744 eius
956 697 1253 733 memorantur
1280 692 1336 734 ib.
1367 704 1404 733 v.
1435 694 1473 735 3.
1503 695 1542 734 4.
1601 691 1774 734 Videtur
1795 697 1925 747 pater
1953 695 2085 749 fuisse

364 763 451 804 eius
481 762 555 814 qui
582 761 781 815 sequitur,
814 761 869 814 cf.
899 759 1187 802 Friedlauder
1218 759 1276 801 ad
1304 759 1558 802 Martialem
1589 760 1616 802 l.
1648 774 1680 804 c.

277 832 355 873 531
390 837 434 872 L.
456 835 711 871 MVNATIVS
735 835 927 870 GALLVS
945 827 1048 880 (tria
1068 828 1242 870 uomina
1263 830 1408 870 extant
1428 827 1550 870 VIII
1561 831 1709 871 10186.
1726 833 1896 887 10210),
1917 830 2084 886 legatus

359 913 437 954 pro
469 904 668 953 praetore
699 899 916 939 exercitus
946 895 1142 938 Africani
1182 911 1219 938 a.
1263 897 1343 938 100
1384 896 1500 938 tituli
1530 896 1763 939 Numidiae
1808 897 1931 940 VIII
1959 901 2084 942 2355.
2167 888 2169 890 -

364 969 512 1008 10186.
544 967 697 1007 10210.
728 968 876 1007 10667.
919 964 1043 1007 VIII
1064 964 1110 1007 S.
1142 967 1283 1007 17842
1313 962 1386 1016 (=
1406 963 1545 1018 2355).
1576 967 1724 1009 17843.
1754 968 1908 1009 17892.

278 1034 361 1077 532
391 1033 613 1076 Munatius
638 1033 811 1088 Gratus,
841 1048 971 1090 eques
995 1034 1228 1083 Romanus,
1260 1034 1477 1089 particeps
1499 1033 1807 1076 coniurationis
1828 1034 2086 1078 Pisonianae

367 1103 465 1146 Tac,
499 1117 538 1144 a.
570 1104 636 1153 15,
667 1104 740 1145 50.

277 1171 360 1213 533
390 1171 613 1213 Munatius
652 1170 866 1212 Mundus:
918 1170 1010 1212 eius
1060 1170 1325 1226 epigramma
1368 1169 1422 1211 de
1466 1170 1602 1211 ruinis
1647 1169 1930 1226 Mycenarum
1968 1171 2083 1216 auth.

363 1239 460 1283 Pal.
492 1241 530 1289 9,
560 1241 654 1282 103.

279 1308 363 1350 534
392 1314 436 1349 L.
455 1313 712 1349 MVNATIVS
734 1311 959 1348 PLANCVS
982 1320 1066 1348 cos.
1089 1321 1126 1349 a.
1149 1322 1189 1348 u.
1213 1321 1248 1349 c.
1272 1306 1367 1350 712.
1411 1306 1568 1349 Tituli:
1586 1306 1778 1348 urbanus
1798 1305 1866 1359 VI
1872 1310 1980 1349 1316
2000 1306 2085 1363 (1),-

361 1376 620 1426 Eleusiuius,
639 1378 736 1417 acta
756 1374 985 1431 (πρακτικοί)
1002 1375 1215 1416 societatis
1233 1374 1440 1418 archaeol.
1470 1374 1623 1418 Athen.
1636 1388 1735 1417 arm.
1747 1377 1856 1418 1885
1867 1389 1916 1429 Ρ.
1927 1378 1986 1418 26
1997 1374 2086 1430 (2);

361 1443 568 1486 mausolei
603 1443 833 1485 Formiani
869 1442 918 1484 X
944 1445 1056 1485 6087
1092 1442 1164 1498 (3).
1245 1442 1374 1485 Valde
1412 1443 1576 1485 incerta
1619 1443 1859 1485 coniectura
1898 1443 1957 1485 ad
1993 1457 2085 1486 eum

361 1512 503 1554 relata
540 1515 639 1554 suut
677 1512 918 1565 fraymeuta
948 1510 1029 1553 IX
1053 1512 1173 1555 5815.
1200 1513 1322 1553 5816.
1383 1510 1540 1566 (Tituli
1566 1510 1694 1565 falsi:
1729 1510 1771 1553 V
1793 1514 1874 1554 776
1883 1510 1918 1555 *.
1957 1510 2084 1554 XIV

362 1580 487 1622 146*.
516 1583 596 1622 406
608 1578 661 1634 *).
699 1604 750 1608 -
792 1579 971 1621 Nummi
1007 1593 1075 1633 ap.
1106 1579 1268 1621 Echhel
1295 1582 1320 1621 5
1340 1593 1389 1633 p.
1412 1581 1510 1629 257,
1552 1578 1747 1621 Babelon
1784 1580 2002 1622 mormaies
2035 1578 2085 1621 de

364 1647 408 1689 la
438 1649 523 1702 re'p.
554 1648 745 1690 romaine
774 1647 808 1689 I
822 1662 868 1701 p.
891 1650 984 1698 178,
1013 1649 1168 1697 57-59,
1198 1647 1259 1689 ΙΙ
1272 1661 1320 1701 Ρ.
1341 1650 1439 1690 239.

448 1717 498 1758 L.
530 1716 752 1758 Munatius
782 1716 968 1758 Plancus
1001 1719 1028 1757 t.
1059 1719 1102 1759 2.
1133 1719 1171 1766 3,
1212 1716 1321 1769 fasti
1348 1715 1544 1769 triumph.
1583 1714 1700 1770 Cap.,
1739 1715 1859 1758 Caes.
1892 1716 1929 1759 b.
1967 1714 2083 1758 Gall.

363 1787 402 1835 5,
433 1788 512 1835 24,
554 1783 642 1826 Dio
673 1788 737 1834 46,
768 1787 824 1827 29
854 1787 894 1826 et
918 1783 1005 1826 iud.
1038 1783 1065 1826 l.
1095 1787 1153 1826 47
1184 1783 1279 1837 (ubi
1298 1797 1383 1838 pro
1412 1782 1543 1826 Μουν-
1570 1784 1617 1826 iu
1656 1783 1868 1826 codicibus
1906 1782 2082 1838 Μσυιν-),

364 1853 414 1894 L.
446 1852 669 1894 Munatius
696 1853 803 1906 fasti
832 1850 1044 1894 Colotiarci
1073 1855 1112 1893 et
1140 1852 1248 1905 fasti
1274 1851 1516 1894 Biondiaui
1542 1852 1617 1894 sub
1649 1866 1689 1895 a.
1722 1855 1806 1895 732
1834 1851 1901 1906 (C.
1932 1851 2087 1894 Muna-

363 1921 448 1962 tius
479 1920 699 1964 VI10286
724 1934 866 1963 errore
887 1920 1169 1976 typoyraphi),
1201 1920 1250 1962 L.
1275 1920 1463 1963 Plancus
1494 1923 1522 1962 t.
1543 1923 1582 1971 1,
1614 1921 1785 1971 nummi,
1815 1921 1914 1962 item
1940 1919 2087 1963 Cicero

363 1990 532 2043 saepius
564 1989 744 2043 aliique‚·
783 1989 1006 2031 Munatius
1037 1988 1224 2030 Plancus
1254 1989 1318 2031 vel
1345 1988 1531 2037 Plancus
1563 1990 1790 2043 scriptores
1817 1989 1998 2043 passim.
2030 2014 2083 2020 -

363 2057 414 2099 L.
446 2058 499 2111 f.,
538 2058 588 2100 L.
622 2073 685 2111 n.‚
718 2058 769 2099 L.
800 2072 920 2113 pron.
954 2060 981 2101 t.
1013 2060 1041 2099 3
1081 2055 1271 2109 (uomina
1304 2057 1450 2111 patris
1489 2060 1529 2099 et
1567 2057 1638 2099 avi
1671 2057 1777 2099 dant
1814 2057 1942 2099 etiam
1979 2056 2089 2110 fasti
2160 2084 2162 2086 ψ

363 2124 637 2179 triumphales
670 2124 788 2179 Cap„
819 2139 969 2167 nomeu
989 2125 1135 2179 patris
1166 2125 1293 2167 etiam
1322 2128 1349 2168 t.
1373 2128 1410 2167 1.
1432 2128 1476 2176 2,
1505 2125 1604 2167 item
1632 2125 1740 2179 fasti
1765 2123 2008 2179 Colotiam).
2029 2149 2086 2154 —

361 2194 516 2235 Frater
560 2194 610 2235 T.
652 2193 833 2235 Munatii
872 2192 1022 2235 Planci
1068 2194 1233 2235 Bursae
1270 2192 1426 2236 Ascou.
1471 2193 1517 2235 iu
1558 2193 1657 2237 Mil.
1693 2208 1740 2248 Ρ.
1759 2196 1816 2235 33
1852 2192 2001 2244 Orell.‚
2043 2199 2086 2235 et

363 2261 412 2303 L.
436 2261 565 2303 Plotii
596 2261 745 2303 Planci
777 2261 877 2305 Vell.
898 2265 941 2311 2,
964 2265 1029 2311 67,
1061 2261 1178 2304 Pliu.
1200 2261 1240 2303 h.
1260 2275 1301 2305 n.
1324 2264 1389 2312 13,
1410 2264 1480 2311 25,
1514 2261 1603 2303 Val.
1629 2261 1754 2304 Max.
1787 2265 1823 2312 6,
1855 2264 1895 2312 8,
1925 2263 1965 2313 5,
1995 2260 2086 2304 Dio

361 2332 427 2379 54,
458 2333 489 2372 2
530 2328 602 2384 (cf.
639 2329 688 2371 de
716 2329 792 2372 hoc
822 2330 872 2372 L.
905 2329 1072 2372 Planco
1110 2329 1320 2384 Boryhesi
1348 2343 1441 2384 opp.
1469 2333 1494 2371 1
1523 2344 1573 2384 Ρ.
1602 2332 1693 2373 202
1721 2343 1802 2384 seq.
1843 2343 1935 2372 cum
1972 2329 2086 2372 notis

364 2397 619 2440 Mommseui
637 2413 684 2452 p.
707 2391 793 2440 203
822 2397 849 2439 l.
882 2400 948 2451 c.).
973 2423 1023 2429 —-
1048 2398 1214 2440 Tibure
1244 2397 1452 2440 oriundus
1472 2397 1590 2440 Acro
1609 2399 1683 2452 qui
1711 2397 1868 2441 dicitur
1897 2397 1956 2440 ad
1972 2397 2082 2441 Hor.

362 2479 491 2509 carm.
512 2469 550 2516 1,
574 2469 611 2515 7,
642 2466 713 2508 vix
740 2469 863 2508 recte.

447 2535 639 2588 Legatus
670 2534 718 2577 C.
752 2534 951 2577 Caesaris
981 2536 1026 2576 in
1047 2533 1192 2578 Gallia
1221 2549 1257 2577 a.
1281 2535 1364 2577 700
1391 2533 1511 2578 Caes.
1545 2535 1582 2577 b.
1612 2534 1666 2577 G.
1690 2537 1729 2585 5,
1761 2528 1832 2578 24.
1862 2537 1919 2578 25
1929 2547 1944 2586 ;
1972 2536 2082 2578 eius-

365 2602 462 2643 dem
495 2601 608 2644 bello
639 2602 755 2644 civili
787 2604 831 2644 in
861 2603 1075 2659 Hispania
1103 2602 1223 2645 Caes.
1256 2604 1294 2645 b.
1326 2604 1400 2645 civ.
1431 2606 1470 2654 1,
1501 2606 1571 2653 40,
1604 2604 1649 2644 in
1678 2602 1830 2646 Africa
1857 2602 1949 2648 bell.
1979 2603 2082 2658 Afr.

364 2684 396 2712 c.
424 2673 464 2712 4.
535 2671 660 2713 Unus
700 2685 755 2711 ex
793 2671 1022 2726 praefectis
1062 2670 1182 2713 urbis
1224 2686 1262 2713 a.
1306 2672 1387 2713 708
1427 2686 1453 2713 a
1491 2670 1677 2714 Caesare
1715 2670 1878 2713 Romae
1922 2670 2082 2714 relictis

363 2739 525 2780 nummi
553 2739 675 2780 aurei
704 2753 772 2792 ap.
794 2739 956 2781 Eckhel
979 2742 1018 2790 5,
1039 2742 1125 2782 257
1154 2759 1210 2774 =
1237 2739 1433 2782 Babelou
1460 2740 1677 2782 mormaies
1707 2739 1756 2782 de
1786 2739 1830 2781 la
1858 2741 1946 2794 rep.
1975 2754 2080 2783 rom.

363 2807 426 2848 II
438 2821 486 2860 p.
508 2809 606 2856 239,
628 2809 716 2848 1-3
746 2807 799 2860 cf.
828 2806 913 2851 Cic.
945 2807 1062 2849 Phil.
1094 2810 1138 2858 2,
1158 2811 1225 2859 31,
1249 2810 1314 2850 78.
1371 2806 1532 2850 Consul
1559 2807 1809 2862 designatus
1839 2823 1866 2850 a
1895 2807 2081 2851 Caesare

363 2876 408 2916 in
438 2890 475 2917 a.
508 2875 590 2917 712
622 2890 708 2917 una
737 2890 835 2917 cum
864 2876 919 2919 D.
951 2876 1086 2918 Bruto
1112 2876 1209 2919 Nic.
1231 2875 1434 2918 Damasc.
1461 2877 1516 2930 fr.
1537 2879 1619 2918 101
1645 2890 1678 2918 c.
1700 2879 1764 2920 22
1790 2877 1855 2932 (Ρ.
1875 2880 1962 2920 442
1982 2876 2080 2932 M).

369 2942 470 2985 Vell.
491 2945 535 2993 2,
557 2946 611 2985 63
642 2943 709 2998 (L.
732 2943 923 2986 Plancus
945 2948 1125 2998 praetor
1145 2945 1386 3000 designatus
1414 2944 1501 2987 Cic.
1523 2944 1582 2987 ad
1599 2943 1690 2989 Att.
1712 2947 1778 2995 16,
1798 2947 1852 2987 16
1870 2944 1928 2988 Α.
1946 2944 2002 2988 B.
2023 2945 2079 2997 E,
2129 2966 2133 2970 ·

362 3011 502 3064 frater
532 3011 620 3053 eius
641 3014 701 3053 est
719 3011 770 3053 L.
792 3011 991 3066 Plotius).
1043 3013 1147 3054 Post
1166 3019 1344 3055 mortem
1369 3012 1566 3055 Caesaris
1587 3012 1842 3055 concordiae
1862 3013 1908 3054 in
1929 3019 2080 3056 senatu

364 3084 514 3121 auctor
543 3078 662 3122 Plut.
690 3079 818 3122 Brut.
850 3093 884 3122 c.
905 3084 970 3123 19.
1023 3081 1260 3124 Proconsul
1292 3081 1479 3125 Galliam
1509 3081 1756 3124 ulteriorem
1787 3081 1951 3125 obtinet
1981 3081 2079 3126 Nic.

363 3146 566 3191 Damasc.
595 3147 652 3200 fr.
674 3151 755 3189 101
785 3161 818 3189 c.
838 3150 899 3191 28
919 3158 984 3203 (p.
1005 3151 1086 3191 450
1108 3148 1204 3203 M).
1262 3149 1467 3193 Fortasse
1496 3151 1586 3192 eius
1613 3163 1762 3192 nomen
1794 3150 1863 3204 (L.
1893 3150 2079 3205 Manat.)

368 3218 454 3257 tum
499 3215 697 3270 temoris
745 3216 993 3270 inscriptum
1036 3219 1220 3260 nummis
1268 3219 1377 3260 cusis
1427 3232 1455 3260 a
1496 3217 1640 3273 reyulo
1689 3217 1869 3272 quodam
1909 3217 2080 3262 Gallico

367 3283 552 3338 (Robert
580 3297 702 3326 revue
730 3284 924 3326 numism.
955 3287 1063 3328 1859
1085 3300 1132 3339 Ρ.
1154 3285 1269 3340 250).
1328 3287 1570 3343 Imperator
1596 3284 1683 3330 Cic.
1714 3285 1831 3330 Phil.
1859 3289 1899 3337 3,
1931 3289 1995 3338 15,
2023 3289 2080 3330 38

365 3352 516 3407 (mense
545 3350 648 3395 Dec.
681 3365 720 3395 a.
752 3354 872 3406 710),·
910 3352 1046 3406 ipsius
1085 3353 1287 3408 epistulae
1321 3355 1505 3409 scriptae
1537 3367 1648 3397 anno
1678 3357 1758 3398 711
1787 3352 1900 3408 (Cic.
1929 3367 1992 3410 ep.
2023 3354 2082 3398 ad
