2210 3698
288 275 457 311 DIDIVS
1167 270 1187 310 1
1194 269 1220 311 Ο
1920 276 2089 312 DIDIVS

375 406 522 449 Mam.
543 410 651 449 1891
665 422 712 460 2).
734 409 843 462 166.)
864 431 920 436 —
944 438 953 447 .
976 438 985 447 .
1010 439 1019 447 .
1043 439 1052 447 .
1075 406 1162 447 siae
1191 409 1218 447 t.
1240 409 1271 448 2
1302 403 1418 459 (fort.
1451 405 1617 459 legatus
1636 420 1756 461 prov.
1778 405 1940 461 Asiae).
1987 409 2091 450 Pro-

371 474 519 517 consul
542 474 714 517 Siciliae
736 477 763 516 t.
785 478 828 517 2.
872 473 1033 516 Consul
1054 474 1146 515 suff.
1168 489 1205 515 a.
1228 474 1310 515 inc.
1340 473 1577 515 Proconsul
1599 473 1767 529 [Asia]c
1788 473 1858 516 vel
1879 473 2091 532 [Africa]e

372 546 400 585 t.
421 547 466 585 2.
517 542 703 585 Curator
725 557 933 598 aquarum
963 545 992 584 t.
1015 545 1052 592 1,
1084 541 1184 583 inde
1213 557 1239 583 a
1268 556 1413 583 mense
1437 541 1547 584 Iulio
1578 558 1616 587 a.
1647 542 1701 584 38
1732 542 1788 584 ad
1815 558 1852 585 a.
1874 543 1930 585 49
1950 543 2090 587 Fron-

372 611 484 653 tinus
506 611 555 652 dc
576 625 641 663 aq.
664 614 760 660 102,
792 611 869 652 ube·
888 613 1075 652 erratum
1106 613 1166 652 est
1195 608 1312 662 (citio
1344 610 1499 652 codicis
1520 613 1643 667 pato)
1676 625 1767 653 cnm
1797 614 1953 654 constet
1984 612 2092 655 inter

370 679 444 721 loos
483 692 616 721 annos
644 678 823 720 Didiam
860 678 1033 721 Gallum
1069 681 1316 732 occupatam
1354 679 1486 732 fnisse
1515 682 1636 721 extra
1665 680 1861 721 Romam.
1922 679 2093 723 Scilicet

361 746 513 802 paullo
544 749 640 788 ante
662 761 701 788 (ι.
721 749 775 788 49
800 746 863 788 vel
892 747 1020 788 ctiam
1050 749 1147 788 ante
1177 761 1217 788 a.
1238 750 1303 796 46,
1336 745 1456 802 pulso
1487 746 1750 802 Mithridate,
1785 747 1927 804 Cotyn
1957 762 2090 803 regno

369 816 618 871 Bosporano
660 814 854 870 praeficit
898 815 1070 857 Tac-itas
1110 829 1149 856 a.
1190 818 1259 865 12,
1300 817 1364 865 15,
1408 814 1566 869 {effatus
1604 819 1652 857 at
1690 815 1854 858 m'dctar
1885 817 2089 860 Moesiae.

373 882 726 939 Triumphalibus
766 884 1026 925 ornamentis
1068 885 1097 924 t.
1136 887 1180 926 2.
1254 882 1458 925 Fortasse
1496 884 1544 925 in
1581 883 1661 925 hac
1705 884 1911 938 Zeyatione
1945 886 2093 940 posuit

377 951 596 1006 Olympiae
627 954 654 993 t.
685 955 716 994 2
755 949 1062 1007 [imp]erat0ris
1098 950 1311 1007 i[ussu‘?];
1351 965 1452 993 nam
1482 951 1592 1005 qaod
1622 952 1732 994 nude
1770 953 1817 995 in
1854 952 1931 996 hoc
1971 953 2092 996 titulo

371 1019 612 1074 appellatur
643 1018 846 1074 [leg]atus
876 1018 982 1075 [Ti.]
1017 1018 1172 1062 Claudi
1204 1019 1402 1062 Caesaris
1432 1019 1545 1074 Aug.
1576 1019 1824 1063 Germanici
1861 1021 1951 1064 sine
1979 1035 2092 1064 men-

371 1089 481 1130 tione
502 1088 761 1143 provinciae,
788 1088 967 1130 ostendit
992 1102 1085 1130 carn
1105 1103 1150 1131 eo
1171 1089 1263 1142 ipso
1284 1091 1465 1142 tempore
1484 1103 1564 1142 qno
1592 1089 1758 1131 titulant
1779 1090 1937 1143 posuit,
1960 1090 2092 1144 faisse

371 1156 569 1211 leqahmn,
601 1156 650 1199 de
681 1156 885 1211 leyate'one
916 1159 1054 1199 autem
1082 1156 1347 1199 Britannica
1375 1157 1446 1198 rix
1476 1158 1655 1211 coyz'tari
1669 1160 1822 1212 potest.
1871 1157 2093 1214 (Leyaturn

359 1224 608 1279 provinciae
648 1225 843 1267 Moesiae
878 1225 1102 1279 distinyait
1141 1239 1169 1267 a
1208 1228 1403 1267 curatore
1444 1239 1650 1278 aquarum
1694 1225 1911 1280 eodemque
1956 1227 2092 1281 Zeyato

368 1293 628 1336 Britanniae
657 1293 1020 1336 Domaszewslcias
1050 1294 1075 1336 l.
1109 1308 1142 1336 c.
1164 1309 1214 1348 p.
1245 1296 1355 1350 165.)
1394 1294 1584 1348 Legatus
1605 1292 1868 1349 Britanniae,
1900 1295 1955 1338 ab
1980 1311 2018 1338 a.
2045 1302 2093 1338 ut

369 1361 543 1404 videtur
578 1363 631 1405 52
668 1363 765 1404 Tac.
799 1377 897 1404 ann.
929 1366 998 1413 12,
1030 1366 1095 1412 40,
1139 1377 1277 1418 usquc
1308 1361 1363 1404 ad
1394 1377 1431 1404 a.
1463 1362 1516 1404 58
1563 1363 1660 1404 Tac.
1697 1362 1805 1417 Ayr.
1846 1366 1900 1405 14
1938 1363 2090 1406 conlat.

369 1444 468 1472 ann.
499 1434 564 1481 14,
606 1435 677 1474 29.
717 1456 775 1460 -
817 1432 976 1473 Irrisus
1018 1447 1044 1473 a
1082 1431 1272 1473 Domitio
1313 1430 1420 1472 Afro
1462 1445 1557 1473 cum
1598 1432 1865 1487 provinciam
1903 1431 2091 1487 aliquam

369 1498 592 1542 ambitiose
611 1500 799 1556 petisset,
821 1514 923 1541 mox
945 1500 1173 1555 impetrata
1192 1514 1243 1541 ea
1258 1505 1476 1555 tamquam
1492 1505 1664 1541 coactus
1680 1506 1933 1555 quereretur
1949 1501 2090 1554 Quint.

370 1568 467 1609 inst.
500 1571 537 1617 6,
568 1570 606 1618 3,
641 1570 706 1609 68.
736 1592 795 1598 ——-
825 1567 1153 1620 Quindecimvir
1183 1567 1316 1608 sacris
1344 1566 1556 1609 faciundis
1590 1570 1619 1609 t.
1648 1571 1692 1611 2.

283 1636 334 1678 61
368 1643 413 1677 A.
446 1642 615 1677 DIDIVS
658 1642 849 1677 GALLVS
895 1642 1155 1677 FABRICIVS
1196 1641 1434 1677 VEIENTO.
1498 1635 1672 1678 ‘Titulus
1714 1636 2089 1690 Moynntiacensia

373 1703 836 1758 Korrespondeneblatt
857 1704 930 1746 der
950 1704 1103 1747 Wcstd.
1129 1703 1377 1757 Zeitsckrr'st
1393 1707 1420 1745 3
1440 1719 1489 1757 p.
1509 1706 1564 1745 86
1594 1704 1649 1757 ef.
1663 1719 1711 1758 p.
1732 1708 1827 1746 100.
1857 1703 1912 1747 A.
1933 1705 2092 1747 Didius

369 1771 521 1816 Gallus
541 1772 767 1815 Fabricius
784 1772 967 1815 Veiento
990 1772 1067 1823 tit„
1089 1771 1142 1814 A.
1165 1771 1390 1815 Fabricius
1411 1771 1499 1814 Dio
1515 1775 1578 1822 61,
1602 1776 1639 1823 6,
1662 1772 1888 1815 Fabricius
1907 1773 2091 1816 Veiento

368 1840 431 1883 vel
461 1841 644 1883 Veiento
673 1841 828 1895 reliqui
863 1841 1089 1895 scrvsptores
1127 1840 1370 1895 (Fabricius
1400 1840 1616 1883 Iuvenalis
1641 1844 1680 1891 3,
1711 1844 1809 1892 129,
1849 1855 1942 1901 cam
1962 1856 2092 1897 prae-

369 1908 491 1952 cedat
518 1909 733 1963 Veiento).
794 1909 923 1952 Initio
954 1910 1222 1966 principatus
1252 1909 1436 1951 Neronis
1467 1915 1658 1965 praetor,
1689 1909 1798 1951 ludis
1829 1909 2091 1953 circensibus

367 1993 495 2020 canes
526 1977 699 2020 induxit
728 1992 806 2034 pro
837 1979 959 2034 equis
980 1977 1067 2020 Dio
1089 1981 1153 2028 61,
1176 1981 1213 2020 6.
1258 1977 1311 2020 A.
1334 1978 1388 2019 62
1410 1983 1586 2034 propter
1616 1977 1751 2020 editos
1782 1977 1914 2020 libros
1935 1979 2091 2035 quibus

372 2045 665 2088 codicillorum
705 2061 862 2088 nomen
901 2046 1099 2100 dederat,
1142 2045 1301 2102 probra
1331 2046 1375 2087 in
1406 2052 1624 2088 senatores
1655 2047 1933 2101 continentes,
1965 2046 2092 2090 Italia

366 2114 516 2171 pulsus
552 2115 650 2157 Tac.
692 2129 791 2157 ann.
827 2118 893 2165 14,
924 2118 991 2157 50.
1050 2114 1141 2157 Sub
1176 2114 1426 2156 Domitiano
1464 2113 1698 2156 delationes
1738 2121 1911 2157 exercet
1951 2115 2093 2159 Victor

368 2199 430 2238 ep.
462 2187 530 2227 12.
591 2183 730 2227 Cenat
758 2182 874 2239 apud
905 2183 1203 2225 Domitianum
1232 2183 1323 2225 Iav.
1353 2185 1393 2232 4,
1425 2185 1517 2225 113.
1548 2185 1645 2226 123.
1676 2186 1775 2226 129.
1836 2183 1997 2226 Consul
2027 2190 2094 2226 ter

369 2252 445 2302 tit„
477 2252 600 2294 annis
622 2252 797 2294 incertis
818 2252 970 2306 (unum
996 2258 1111 2293 certe
1142 2250 1412 2293 consulatum
1440 2252 1573 2305 gessit
1603 2251 1684 2294 sub
1706 2251 1952 2294 Domitiano
1986 2252 2090 2295 Via.

368 2320 394 2362 l.
426 2334 472 2370 c.‚
506 2319 581 2362 sed
607 2320 684 2362 vix
712 2320 928 2376 primum).
970 2319 1297 2373 Quindecimvir
1327 2320 1459 2361 sacris
1490 2319 1715 2374 faciundis,
1749 2319 1908 2362 sodalis
1940 2319 2090 2376 Augu-

367 2387 506 2443 stalis,
539 2388 696 2431 sodalis
728 2388 954 2443 Flavialis,
988 2387 1145 2430 sodalis
1169 2387 1339 2430 Titialis
1370 2389 1432 2429 tit.
1472 2387 1701 2431 Gratiosus
1738 2389 1867 2430 etiam
1906 2389 2089 2443 Nervae,

367 2456 482 2513 apud
512 2471 640 2513 quem
671 2463 796 2499 cenat
816 2457 935 2499 le.
958 2472 1019 2511 ep.
1054 2460 1092 2507 4,
1124 2460 1198 2507 22,
1231 2460 1258 2499 4
1268 2470 1280 2507 ;
1312 2456 1453 2499 Victor
1483 2471 1544 2511 cp.
1605 2456 1647 2498 A
1674 2457 1728 2499 97
1761 2458 2015 2499 sententiam
2045 2458 2091 2499 in

370 2531 521 2567 senatu
540 2525 646 2567 dicit
674 2526 837 2581 primus
866 2526 979 2567 inter
1005 2524 1250 2567 consulares
1275 2524 1394 2567 Ptin.
1417 2539 1479 2578 ep.
1501 2528 1539 2575 9,
1562 2528 1626 2575 13,
1649 2528 1714 2567 13.
1736 2528 1802 2568 19.
1822 2529 1894 2568 20.
1930 2525 2091 2568 Votum

368 2592 496 2635 solvit
524 2593 790 2647 Moguntiaci
819 2594 1083 2636 Nemetonae
1112 2593 1218 2635 deae
1248 2594 1311 2635 tit.
1344 2590 1554 2646 (fortasse,
1580 2596 1628 2635 ut
1647 2594 1823 2635 coniecit
1841 2593 2088 2644 Mommsen,

366 2662 477 2703 inter
508 2661 664 2716 leyatos
695 2676 734 2704 a.
767 2665 824 2705 97
849 2677 877 2704 a
905 2665 1054 2704 senata
1085 2661 1143 2704 ad
1176 2662 1414 2704 Traianum
1453 2662 1623 2703 nuntios
1663 2661 1902 2716 adoptionis
1930 2662 2090 2712 missos,

369 2730 442 2772 sed
470 2733 509 2771 et
530 2730 619 2772 alia
638 2730 871 2785 excoyitari
891 2732 1100 2787 possunt).
1149 2729 1368 2771 Deformis
1389 2730 1605 2772 Iuvenalis
1623 2733 1660 2780 6,
1687 2732 1779 2772 113.
1827 2729 2092 2772 Memoratur

370 2798 585 2840 Iuvenalis
613 2802 651 2849 3,
683 2801 776 2841 185.
804 2823 862 2828 -—
891 2799 1016 2842 Uxor
1045 2798 1192 2840 Attica
1221 2799 1284 2840 tit.

283 2867 337 2908 62
366 2873 410 2907 L.
443 2873 612 2908 DIDIVS
644 2873 869 2908 MARINVS
901 2866 1163 2908 clarissimus
1193 2867 1272 2920 vir,
1305 2873 1511 2922 patronus
1533 2866 1852 2909 Canusinorum
1872 2881 1984 2908 anno
2006 2867 2090 2909 223

368 2934 447 2977 IX
472 2937 565 2976 338.
625 2934 828 2977 Fortasse
857 2935 973 2989 filias
1002 2935 1090 2977 etas
1119 2935 1192 2988 qai
1219 2935 1416 2988 seqnitur.

284 3003 339 3045 63
368 3003 419 3045 L.
456 3002 614 3044 Didius
649 3002 859 3057 Marinus,
899 3003 967 3044 vir
1009 3003 1218 3057 egregius,
1250 3002 1350 3045 trib.
1384 3001 1477 3045 coh.
1508 3003 1528 3044 I
1559 3003 1808 3058 praetoriae,
1837 3009 2091 3058 procurator

370 3069 627 3113 familiarum
647 3070 1000 3125 gladiatoriarum
1016 3085 1094 3126 per
1110 3069 1259 3112 Asiam
1279 3069 1526 3125 Bithyniam
1540 3069 1756 3112 Galatiam
1772 3069 2089 3125 Cappadociam

371 3144 413 3180 et
438 3139 682 3194 provincias
705 3138 961 3192 adiacentes,
988 3143 1241 3193 procurator
1263 3137 1585 3192 vectigaliorum
1607 3137 1754 3193 populi
1776 3138 1957 3180 Romani
1984 3139 2092 3181 citra

368 3206 549 3259 Padum,
560 3212 812 3262 procurator
825 3205 1122 3247 alimentorum
1141 3220 1218 3261 per
1231 3205 1588 3260 Transpadanam
1600 3206 1810 3248 Histriam
1820 3205 2087 3260 Liburniam,

370 3281 624 3331 procurator
642 3274 870 3328 Minuciae,
895 3280 1148 3330 procurator
1169 3272 1430 3315 familiarum
1450 3273 1803 3327 gladiatoriarum
1824 3288 1901 3330 per
1925 3272 2088 3316 Gallias

369 3343 618 3387 Britannias
657 3342 893 3400 Hispanias
933 3342 1188 3386 Germanias
1231 3347 1273 3383 et
1316 3341 1531 3396 Raetiam,
1583 3349 1835 3398 procurator
1879 3341 2088 3396 Galatiae,
