2202 3724
93 291 326 330 HOSIDIVS
959 285 1041 330 149
1682 291 1904 329 HYGINVS

106 449 165 454 —
209 430 251 466 C.
281 429 514 466 VITORIVS
543 429 777 466 HOSIDIVS
809 430 955 466 GETA.

100 493 178 536 158
210 498 287 534 CN.
317 497 551 534 HOSIDIVS
582 498 837 535 MAVRICVS
869 491 1019 534 consul
1052 492 1166 546 (suff.
1191 506 1228 536 a.
1260 492 1363 545 inc.)
1395 495 1423 534 t.
1446 492 1593 546 pietus
1621 492 1668 534 in
1698 491 1907 546 amphora

176 560 374 615 quadam,
413 559 526 602 CIL.
557 560 605 603 X
616 560 656 602 V
675 564 785 603 4617
812 561 1034 615 descripsit
1060 560 1246 610 Dressel,
1280 559 1330 603 de
1360 559 1532 603 lectione
1563 560 1773 603 dubitans

99 629 179 671 159
209 627 421 671 Hostilius
452 628 744 686 philosophus,
775 644 801 671 a
821 629 1089 686 Vespasiano
1120 630 1165 671 in
1196 628 1380 671 insulam
1409 627 1626 683 relegatus
1645 628 1734 671 Dio
1755 632 1820 679 66,
1843 632 1909 674 13.

96 697 179 740 160
206 696 418 739 Hostilius
445 697 769 754 mimographus
796 698 1046 740 Tertullian.
1069 697 1180 755 apol.
1201 699 1268 740 15.
1313 696 1381 751 Cf.
1411 695 1573 749 Teuffel
1591 698 1678 740 Lit.
1702 697 1735 752 §
1755 700 1848 748 363,
1869 700 1910 740 5.

108 789 167 795 -
207 765 469 807 *SEVERVS
500 772 848 810 HOSTILIANVS.

108 858 166 863 —-
209 839 250 877 C.
282 839 481 876 VALENS
513 840 847 876 HOSTILIANVS
878 840 1089 876 MESSIVS
1122 839 1336 885 QVINTVS
1369 839 1580 876 CAESAR.
1738 881 1744 884 ,

108 926 166 932 —
209 908 253 947 Τ.
284 908 498 944 MVSTIVS
528 908 790 944 HOSTILIVS
821 908 1085 944 FABRICIVS
1117 909 1364 944 MEDVLLA
1394 908 1697 947 AVGVRINVS.

102 971 171 1013 161
209 977 471 1013 HOSTILIVS
502 977 759 1025 FIRMINVS,
791 970 958 1026 legatus
984 970 1111 1013 Marii
1134 971 1272 1013 Prisci
1302 970 1575 1027 proconsulis
1596 970 1787 1026 Africae,
1818 986 1913 1028 per-

181 1040 343 1081 mixtus
384 1040 475 1081 eius
516 1053 671 1081 causae
702 1038 825 1081 Plin.
857 1053 919 1093 ep.
949 1042 993 1090 2,
1025 1042 1091 1090 11,
1122 1042 1193 1083 23.
1263 1040 1435 1082 Poenae
1478 1054 1608 1082 causa
1637 1055 1663 1082 a
1694 1041 1916 1082 sortitione

184 1108 436 1164 provinciae
467 1106 668 1150 exclusus
695 1108 751 1152 ib.
773 1110 817 1158 2,
839 1111 909 1151 12.

99 1177 180 1220 162
210 1183 255 1220 L.
300 1182 564 1219 HOSTILIVS
605 1183 676 1218 HA
696 1209 818 1219 .....
868 1175 1131 1219 clarissimus
1177 1190 1288 1233 puer
1331 1175 1480 1218 titulus
1525 1176 1583 1218 ad
1619 1177 1768 1219 urbem
1807 1191 1912 1231 rep.,

180 1244 371 1299 Comptes
398 1245 554 1287 rendus
584 1244 633 1287 de
663 1244 923 1287 l’Aeacle'mie
953 1244 1022 1287 des
1052 1246 1179 1287 inser.
1211 1248 1251 1287 et
1279 1244 1403 1287 belles
1434 1244 1574 1287 lettres
1603 1247 1714 1286 1888
1751 1259 1801 1299 p.
1821 1248 1916 1287 111.

100 1314 181 1356 163
211 1313 424 1356 Hostilius
464 1313 605 1357 Rufus
645 1313 889 1370 praefectus
930 1320 1173 1356 castrorum
1211 1313 1348 1356 Drusi
1388 1314 1435 1356 in
1474 1314 1717 1358 Germania
1758 1328 1797 1357 a.
1836 1313 1919 1357 743

180 1381 420 1436 obsequens
451 1395 484 1427 e.
509 1386 580 1427 72.

107 1475 166 1481 —
205 1450 465 1506 [VAL]ER1A'
486 1450 712 1506 MAR[CIA]
742 1456 978 1493 HOSTILIA
1007 1455 1240 1503 CRISPINA
1270 1455 1466 1492 MOECIA
1498 1455 1770 1495 OORNELIA.

99 1519 179 1562 164
208 1519 399 1562 Hostius
427 1519 608 1573 Quadra
638 1519 763 1561 homo
794 1519 1052 1576 impudicus,
1084 1533 1214 1575 quem
1243 1533 1342 1560 cum
1371 1533 1398 1560 a
1428 1519 1565 1560 servis
1597 1525 1710 1561 esset
1740 1520 1920 1580 occisus,

181 1587 411 1643 Augustus
442 1587 671 1643 indignum
700 1588 895 1630 vindicta
925 1587 1134 1630 iudicavit
1155 1587 1318 1630 Seneca
1337 1590 1427 1629 nat.
1450 1601 1489 1641 q.
1510 1590 1550 1638 1,
1571 1590 1637 1629 16.

99 1656 178 1699 165
212 1657 371 1699 Hostia
391 1657 528 1699 amica
550 1657 779 1713 Propertii,
812 1656 1004 1713 Cynthia
1033 1656 1089 1699 ab
1122 1670 1171 1698 eo
1203 1656 1247 1697 in
1277 1655 1543 1698 carminibus
1564 1655 1682 1698 dicta
1701 1654 1913 1711 Apuleius

182 1725 298 1779 apol.
321 1729 389 1768 10.

102 1794 178 1836 166
209 1793 433 1850 Hybreas,
475 1793 752 1850 Mylasensis,
793 1792 946 1836 humili
986 1792 1080 1835 loco
1121 1799 1274 1847 natus,
1317 1793 1372 1836 ad
1407 1794 1699 1850 principatum
1730 1793 1917 1836 civitatis

180 1877 284 1905 suae
315 1864 513 1920 pervenit
543 1862 702 1907 Strabo
732 1866 786 1905 14
809 1877 855 1917 p.
875 1865 982 1914 659;
1014 1869 1278 1905 memoratur
1307 1863 1353 1904 in
1384 1863 1572 1905 nummis
1602 1861 1920 1918 Mylasensium

183 1931 379 1974 Mionnet
406 1932 497 1975 III
519 1946 567 1987 p.
596 1934 678 1974 355
715 1946 756 1974 n.
787 1934 870 1974 303
912 1932 1282 1989 (γραμματεῦοντος
1322 1930 1531 1989 Ὑβρέου),
1574 1931 1632 1974 ib.
1671 1930 1809 1985 suppl.
1852 1930 1921 1973 VI

181 2014 230 2054 p.
249 2002 332 2043 509
353 2011 404 2043 n.
429 2002 512 2043 358
534 2014 618 2054 seq.
680 2000 843 2043 Libera
871 2015 961 2042 vox
992 2001 1082 2042 eius
1113 2014 1260 2042 coram
1286 1999 1346 2042 M.
1369 1999 1557 2042 Antonio
1579 1999 1701 2042 Plut.
1722 1999 1826 2044 Ant.
1848 2002 1919 2043 24.

121 2072 129 2073 ’
183 2067 376 2111 Labieno
418 2075 460 2111 et
503 2069 677 2111 Parthis
715 2068 866 2111 Asiam
907 2068 1218 2111 invadentibus
1262 2069 1420 2110 restitit
1460 2068 1621 2111 Strabo
1659 2071 1714 2110 14
1742 2082 1792 2122 p.
1824 2071 1918 2111 660.

185 2137 386 2180 Summus
408 2143 552 2179 orator
568 2136 728 2180 Strabo
743 2140 796 2179 13
808 2152 855 2191 p.
868 2140 972 2188 630;
993 2137 1279 2192 Hieronymus
1297 2136 1355 2179 ad
1372 2151 1411 2179 a.
1424 2136 1533 2178 Abr.
1546 2138 1656 2178 1984
1677 2137 1734 2192 (u.
1753 2150 1787 2181 e.
1807 2136 1922 2191 721).

184 2205 510 2248 Disertissimus
557 2207 628 2247 vir
675 2206 838 2249 Seneca
875 2219 991 2249 suas.
1024 2210 1063 2257 7,
1093 2209 1159 2250 14.
1206 2216 1209 2219 ’
1241 2205 1453 2262 Copiosae
1502 2211 1634 2261 atque
1680 2206 1923 2247 concitatae

184 2273 413 2317 facundiae
444 2281 588 2317 orator
619 2274 814 2318 Valerius
846 2275 1071 2317 Maximus
1091 2278 1130 2325 9,
1153 2277 1207 2317 14
1235 2278 1317 2317 ext.
1339 2278 1382 2318 2.
1443 2273 1795 2316 Declamationes
1826 2274 1917 2316 eius

188 2343 384 2387 Graecae
413 2344 604 2393 citantur
632 2358 659 2386 a
688 2343 850 2387 Seneca
878 2357 993 2386 suas.
1024 2347 1064 2394 4,
1091 2346 1130 2394 5,
1163 2346 1295 2385 contr.
1318 2346 1357 2394 1,
1379 2345 1422 2394 2,
1443 2345 1514 2386 23.
1543 2345 1584 2393 4,
1606 2345 1682 2393 11;
1711 2345 1755 2393 2,
1775 2344 1815 2394 5,
1837 2344 1921 2394 2Ο;

189 2415 226 2463 7,
247 2415 287 2463 4,
309 2415 386 2464 10‚·
417 2414 455 2463 9,
478 2415 517 2463 1,
538 2415 608 2456 12.
630 2414 696 2456 15.
728 2415 769 2463 6,
791 2415 858 2455 16.

110 2480 191 2523 167
223 2480 448 2536 Hybreas,
487 2479 603 2522 filius
644 2481 735 2522 eius
775 2482 850 2537 qui
890 2479 1123 2537 praecedit.
1183 2479 1296 2522 Cum
1331 2494 1381 2522 eo
1412 2479 1470 2523 M.
1500 2479 1652 2523 Cicero
1682 2478 1797 2521 filius
1827 2492 1922 2535 pro·

192 2548 345 2591 consul
386 2548 518 2591 Asiae
568 2563 742 2592 causam
789 2549 978 2607 aliquam
1023 2548 1142 2605 apud
1185 2563 1231 2591 se
1275 2554 1431 2603 agente
1479 2547 1714 2591 altercatur
1758 2547 1920 2591 Seneca

191 2629 305 2662 suas.
337 2621 376 2668 7,
406 2620 473 2662 14.

118 2709 178 2716 --
220 2685 440 2742 Hydatius
459 2700 497 2730 υ.
513 2686 565 2729 T.
581 2686 798 2741 Fl(avius)
816 2687 1026 2731 Umbrius
1046 2686 1264 2730 Antistius
1286 2686 1548 2730 Saturninus
1568 2685 1922 2728 Fortunatianus.

108 2754 189 2797 168
219 2760 414 2796 HYDRIA
434 2761 702 2798 TERTVLLA
722 2755 963 2799 clarissima
991 2755 1164 2810 femina,
1189 2770 1302 2798 uxor
1323 2754 1516 2797 Terentii
1535 2754 1754 2810 Mus(a)ei,
1785 2760 1924 2797 mater

190 2822 332 2866 Axiae
372 2823 582 2866 Aelianae
622 2828 650 2867 t.
680 2824 938 2880 sarcophaqi
975 2823 1228 2879 anaylyphis
1268 2825 1413 2866 ornati
1449 2823 1558 2866 XII
1579 2826 1660 2867 675
1697 2821 1920 2878 (Arelate).

190 2891 354 2946 Aliqua
384 2893 612 2946 parentela
650 2894 874 2936 coniuncta
907 2907 1001 2935 eum
1038 2892 1157 2936 Aaeio
1187 2892 1372 2935 Aeliano
1412 2893 1486 2946 qui
1522 2892 1630 2934 vixit
1667 2890 1923 2945 temporibus

193 2959 341 3003 Severi
359 2959 613 3012 Alexand-ri,
642 2964 691 3003 ut
715 2962 861 3016 eolliyi
878 2965 1021 3016 potest
1041 2976 1091 3004 ex
1109 2961 1278 3004 nomine
1302 2960 1432 3016 filiae.
1471 2959 1769 3003 Christianam
1789 2959 1922 3013 fuisse

191 3027 385 3071 indicant
414 3033 661 3072 ornamenta
691 3030 948 3085 sareophayi
970 3031 1042 3086 (ef.
1064 3029 1248 3073 Leblant
1267 3030 1393 3072 inser.
1416 3028 1543 3073 claret.
1566 3028 1615 3071 de
1636 3028 1680 3071 la
1697 3027 1836 3071 Gaule
1855 3028 1917 3070 II

195 3111 244 3151 p.
266 3099 350 3141 255
378 3111 419 3139 n.
439 3100 552 3156 517).

109 3164 192 3207 169
222 3198 347 3208 ......
363 3171 468 3208 SIVS
500 3172 822 3221 HYGINIANVS,
853 3173 1057 3223 quaestor
1077 3181 1153 3223 pro
1176 3181 1239 3223 pr.
1261 3166 1516 3223 provinciae
1536 3164 1710 3207 Siciliae
1729 3163 1778 3206 X
1796 3166 1918 3208 7235.

109 3233 191 3276 170
220 3234 425 3290 Hyginus
456 3234 686 3291 (Hygenus
708 3234 868 3277 codices
888 3235 1079 3289 eorporis
1096 3235 1430 3289 ⁴aromaticorum
1448 3233 1684 3286 nonnulli):
1716 3231 1795 3274 sub
1826 3233 1918 3273 eius

192 3303 364 3345 nomine
395 3302 618 3359 complura
647 3304 692 3345 in
721 3318 901 3360 corpore
929 3305 1189 3360 scriptorum
1218 3303 1553 3358 gromaticorum
1575 3300 1668 3344 Ser.
1691 3299 1920 3355 yromatiei

191 3370 256 3413 ed.
275 3370 526 3414 Lachmann
539 3372 574 3414 I
576 3386 626 3427 p.
637 3374 871 3415 108—134.
890 3374 1127 3416 166—208.
1159 3371 1344 3427 Scripsit
1363 3370 1446 3412 sub
1466 3369 1655 3412 Traiano
1675 3369 1734 3411 ib.
1745 3383 1796 3423 p.
1813 3371 1914 3411 121.
