2202 3724
258 291 424 328 IVLIVS
1124 283 1140 324 l
1149 281 1205 324 64
1887 287 2056 324 IVLIVS

346 421 449 464 belli
470 420 661 463 Parthici
684 435 815 462 causa
831 419 929 462 Tac.
952 433 991 461 a.
1013 421 1079 468 13,
1101 420 1138 460 7.
1177 416 1232 460 A.
1253 417 1309 460 60
1328 416 1398 458 vel
1419 417 1467 459 61
1494 416 1732 460 Caesareae
1751 416 1835 459 fuit
1855 431 1943 459 una
1961 431 2060 459 cum

343 504 489 531 sorore
499 489 709 531 Berenice
719 486 959 542 (Porcium)
971 487 1149 528 Festum
1159 491 1483 541 procuratorem
1496 485 1680 527 Iudaeae
1688 484 1902 527 salutandi
1917 499 2060 538 causa,

344 572 429 613 qua
450 556 671 598 occasione
693 555 875 598 Paulum
897 554 1136 611 apostolum
1157 552 1239 595 sibi
1261 553 1518 609 productum
1539 553 1708 595 audivit
1734 555 1814 595 act.
1835 555 1967 607 apost.
1988 555 2059 603 25,

343 629 397 667 13
407 638 502 678 seq„
525 640 562 666 a.
581 625 635 666 66
657 623 948 665 Alexandriae
967 623 1058 677 fuit,
1084 628 1130 664 ut
1150 621 1218 664 Ti.
1236 621 1485 664 Alexandro
1507 621 1560 663 de
1581 621 1851 678 praefectura
1870 621 2060 677 Aegypti

345 692 638 747 gratularetur
654 691 857 745 Iosephus
881 691 972 733 bell.
995 694 1038 740 2,
1055 693 1120 741 15,
1138 694 1176 732 1.
1208 690 1314 732 Mox
1332 688 1634 746 Hierosolyma
1654 690 1870 746 profectus
1889 689 2062 732 Iudaeis

348 761 563 802 seditiosis
582 761 835 816 patientiam
858 759 1009 801 suadet
1032 759 1123 801 bell.
1140 762 1182 808 2,
1200 762 1254 800 16
1262 771 1275 809 ,·
1296 759 1340 799 in
1361 772 1543 813 regnum
1563 759 1798 800 revertitur
1817 758 1873 803 ib.
1889 761 1932 808 2,
1945 760 2061 808 17,1.

347 828 597 870 Rebellione
627 834 778 869 exorta
807 827 951 870 Cestio
984 826 1109 870 Gallo
1142 833 1184 868 et
1212 825 1364 869 Flavio
1395 826 1662 882 Vespasiano
1696 825 1889 869 ducibus.
1909 826 2062 868 Roma-

348 911 502 938 norum
528 902 698 952 praesto
728 902 791 937 est
811 910 970 952 eosque
993 895 1128 951 copiis
1151 894 1327 936 adiuvat
1349 894 1441 937 bell.
1462 898 1505 945 2,
1527 897 1593 945 18,
1615 897 1654 937 9.
1685 908 1719 936 6.
1740 898 1801 945 19,
1820 897 1871 946 3,·
1898 897 1938 944 3,
1958 897 2002 944 2,
2022 897 2062 935 4.

347 978 379 1007 c.
411 968 450 1015 4,
485 967 529 1008 2.
570 978 604 1006 c.
637 967 675 1015 9,
709 967 737 1007 7
743 977 757 1015 ,·
794 967 833 1014 4,
865 967 903 1014 1,
934 966 973 1005 3.
1025 962 1167 1007 Galba
1206 977 1348 1004 rerum
1387 963 1521 1018 potito
1561 963 1739 1004 Romam
1778 962 2066 1018 proficiscitur

347 1032 593 1087 gratulandi
623 1047 765 1088 causa,
796 1047 876 1074 nec
905 1033 1139 1074 revertitur
1163 1032 1360 1087 quamvis
1390 1032 1586 1073 nuntium
1608 1030 1662 1072 de
1683 1030 1813 1073 caede
1833 1029 1999 1075 Galbae
2020 1030 2064 1071 in

348 1101 500 1143 itinere
526 1101 762 1156 accepisset
792 1100 883 1143 bell.
905 1104 944 1151 4,
971 1104 1009 1150 9,
1041 1103 1097 1150 2,·
1126 1100 1307 1141 Romam
1336 1098 1562 1155 relinquit,
1599 1098 1740 1141 sicubi
1770 1113 1847 1155 per
1877 1097 2067 1140 occultos

346 1170 520 1211 nuntios
551 1168 604 1210 de
630 1169 809 1224 imperio
837 1169 1094 1224 Vespasiani
1127 1169 1283 1209 certior
1312 1167 1450 1209 factus
1479 1173 1544 1209 est
1570 1167 1666 1209 Tac.
1688 1166 1728 1208 h.
1749 1170 1793 1217 2,
1814 1169 1880 1210 81.
1920 1167 2068 1208 Titum

347 1237 392 1279 in
423 1236 645 1279 obsidione
678 1236 1076 1292 Hierosolymorum
1106 1235 1285 1278 adiuvat
1315 1236 1370 1278 ib.
1400 1237 1439 1286 5,
1472 1239 1509 1280 1.
1564 1235 1857 1291 Vespasianus
1887 1248 2067 1289 regumn

352 1306 443 1347 eius
473 1312 605 1360 auget
635 1305 821 1348 Photius
852 1305 950 1347 bibl.
981 1304 1069 1347 cod.
1098 1307 1152 1346 33
1181 1319 1231 1347 ex
1260 1304 1379 1347 Iusto
1415 1304 1659 1346 Tiberiensi.
1719 1302 1773 1345 A.
1805 1303 1858 1346 75
1889 1304 2067 1346 Romam

350 1388 446 1415 cum
476 1375 665 1416 venisset
705 1388 803 1415 cum
843 1387 987 1415 sorore
1017 1373 1248 1427 Berenice,
1287 1372 1549 1414 ornamentis
1579 1372 1806 1428 praetoriis
1835 1370 2071 1413 honoratur

350 1441 439 1484 Dio
469 1445 534 1492 66,
566 1444 629 1484 15.
696 1443 905 1484 Rumores
935 1441 989 1483 de
1019 1440 1331 1483 consuetudine
1373 1441 1463 1482 eius
1503 1455 1600 1482 cum
1630 1440 1840 1484 Berenice
1869 1438 2071 1493 Iosephus

353 1513 440 1552 ant.
472 1513 542 1560 20,
576 1513 613 1560 7,
645 1513 695 1561 3,·
725 1509 914 1553 Iuvenal.
947 1513 985 1560 6,
1017 1512 1098 1552 158
1129 1509 1251 1564 (quae
1287 1509 1440 1551 mentio
1470 1508 1691 1563 Ayrippae
1720 1508 1766 1550 in
1793 1507 1962 1550 scholiis
1986 1521 2072 1549 non

351 1581 459 1621 recte
492 1578 678 1620 trahitur
710 1578 768 1621 acl
795 1578 1035 1633 Ayrippam
1064 1576 1318 1631 Caesarem).
1378 1577 1440 1619 Ut
1469 1583 1664 1618 mortuus
1694 1582 1958 1618 memoratur
1986 1575 2072 1618 Ios.

350 1646 423 1689 vit.
455 1649 507 1690 65
518 1660 532 1698 ,·
571 1653 764 1689 mortuus
805 1661 916 1688 anno
955 1646 1131 1688 Traiani
1171 1645 1296 1687 tertio
1327 1644 1508 1686 Photius
1539 1644 1639 1687 bibl.
1671 1643 1759 1686 cod.
1789 1647 1844 1686 33
1873 1658 1922 1686 eoe
1954 1643 2075 1685 Iusto

360 1715 604 1766 Tiberiensi,
636 1715 794 1757 addens
821 1728 950 1769 usque
981 1714 1038 1756 acl
1067 1728 1157 1756 eum
1188 1727 1343 1755 annum
1370 1713 1592 1755 historiam
1622 1727 1650 1754 a
1679 1713 1798 1754 Iusto
1824 1711 2075 1766 productam

355 1796 439 1826 6336
455 1783 521 1838 (de
536 1783 769 1825 testimonio
785 1783 934 1825 Photii
948 1782 1243 1825 dubitaverunt
1259 1781 1479 1823 Tillemont
1498 1780 1705 1840 ruinches
1716 1779 1839 1834 Juifs
1857 1783 1944 1822 not.
1955 1779 2075 1822 XLI

356 1854 395 1893 et
424 1854 526 1906 post
555 1865 647 1893 eum
676 1851 766 1902 alii,
799 1852 851 1906 cf.
875 1850 1061 1894 Schitrer
1092 1850 1119 1893 l.
1141 1864 1174 1892 c.
1197 1864 1244 1904 p.
1267 1853 1347 1892 501
1371 1852 1455 1891 not.
1476 1852 1542 1899 43,
1573 1862 1658 1891 non
1683 1849 1773 1900 sine
1794 1861 1946 1899 causa,·
1975 1861 2076 1889 nam

355 1933 440 1962 non
470 1919 664 1974 triyinta‚
706 1919 780 1962 secl
812 1919 963 1974 viyinti
1000 1919 1090 1972 fere
1128 1919 1252 1960 annis
1284 1921 1384 1972 post
1421 1917 1572 1959 bellum
1601 1917 1827 1959 Iudaicum
1855 1915 2076 1958 historiam

356 1987 470 2030 Iusti
498 1987 654 2029 editam
681 2001 765 2030 esse
804 1987 967 2029 indicat
996 1986 1198 2041 Iosephus
1228 1985 1254 2028 l.
1282 1999 1337 2036 c.,
1370 1988 1410 2027 et
1442 1986 1538 2039 ipsa
1566 1984 1738 2039 Iosephi
1766 1985 1875 2035 vita,
1915 1984 2078 2038 scripta

359 2058 460 2109 post
496 2058 669 2098 mortem
708 2055 952 2110 Ayrippae,
992 2054 1106 2113 edita
1141 2047 1305 2096 v‘idetur
1346 2067 1430 2095 esse
1471 2055 1568 2095 ante
1605 2067 1762 2095 annum
1796 2055 1870 2103 96,
1900 2054 2079 2106 propter

358 2124 607 2166 mentionem
636 2123 913 2175 honorificam
934 2122 1178 2166 Domitiani
1206 2136 1239 2165 c.
1263 2121 1344 2176 76).
1384 2120 1459 2163 Ad
1479 2122 1734 2164 tricesimum
1754 2121 1942 2175 quintum
1959 2119 2081 2174 rcyni

359 2205 516 2234 annum
529 2192 771 2246 pervenisse
786 2191 1027 2246 Agrippam
1049 2193 1257 2234 testantur
1275 2190 1436 2232 nummi
1454 2189 1697 2232 Domitiani
1714 2189 1761 2231 in
1779 2191 1910 2243 parte
1930 2201 2080 2243 aversa

356 2260 552 2314 inscripti
591 2260 679 2303 ἔτου
710 2259 768 2303 λε’
802 2262 866 2319 βα.
899 2259 1094 2317 Ἀγρίππα
1135 2258 1221 2314 (ap.
1255 2258 1448 2301 Madden
1479 2273 1526 2312 p.
1556 2257 1678 2312 159);
1712 2258 1785 2311 qui
1816 2269 2013 2299 numeras
2042 2257 2083 2298 si

358 2342 451 2370 vere
481 2331 743 2383 computatus
774 2331 845 2379 est,
876 2331 924 2371 ut
952 2328 1117 2370 numeri
1147 2327 1329 2370 aliorum
1352 2340 1616 2369 nummorum
1635 2325 1857 2380 Ayri'ppae
1887 2325 1978 2367 cusi
2003 2324 2079 2366 sub

363 2395 551 2447 Flavias,
589 2397 641 2439 ab
674 2411 713 2439 a.
736 2400 788 2439 61
817 2397 888 2452 (cf.
923 2396 1161 2439 Mommsen
1191 2395 1217 2438 l.
1249 2409 1282 2438 c.
1304 2409 1351 2450 p.
1373 2394 1483 2449 455),
1514 2394 1714 2449 Αῃνῂορα
1751 2396 1959 2448 superstes
1996 2393 2082 2447 fuit

362 2467 470 2507 certe
501 2479 539 2507 a.
561 2467 628 2507 95.
2139 2470 2147 2474 ·

279 2533 335 2575 90
365 2538 530 2574 IVLIVS
551 2538 848 2575 AGRIPPINVS
869 2533 938 2574 vir
958 2531 1233 2586 clarissimus,
1266 2545 1449 2588 sponsus
1479 2530 1592 2573 filiae
1612 2528 1831 2583 Aviniiff)
1854 2527 2081 2572 Octaviani

365 2600 419 2654 (a.
443 2601 543 2656 259)
575 2601 663 2644 cod.
693 2600 869 2656 Greyor.
890 2604 932 2651 2,
953 2604 991 2651 3,
1013 2604 1051 2645 1.

279 2669 354 2711 902
383 2668 518 2711 Iulius
552 2669 845 2726 Agrippinus:
886 2669 942 2712 ad
981 2683 1079 2711 eum
1119 2669 1339 2724 rescripsit
1375 2665 1600 2710 Caracalla
1634 2681 1670 2709 a.
1707 2672 1757 2708 ut
1795 2665 1971 2708 videtur
1999 2665 2083 2708 213

367 2737 505 2781 collat.
532 2741 592 2788 10,
615 2741 654 2780 9.
712 2737 929 2781 Fortasse·
946 2737 1067 2780 homo
1096 2737 1145 2779 de
1164 2737 1303 2791 plebe.

282 2830 340 2835 --
370 2812 410 2849 O.
442 2812 678 2848 MEMMIVS
709 2813 856 2848 FIDVS
888 2812 1055 2848 IVLIVS
1086 2811 1279 2847 ALBIVS.

284 2874 336 2916 91
370 2872 506 2915 Iulius
536 2873 787 2916 Alexander
820 2875 985 2929 origine
1015 2874 1274 2927 Emesenus,
1317 2886 1415 2914 cum
1454 2884 1728 2928 percussores
1768 2868 1849 2911 sibi
1880 2869 2030 2911 missos
2059 2884 2086 2911 a

371 2941 617 2997 Commodo,
650 2944 753 2985 item
783 2942 1053 2985 adversarios
1075 2956 1184 2998 quos
1208 2940 1361 2983 habuit
1380 2941 1491 2981 inter
1511 2939 1756 2992 Emesenos,
1789 2936 2084 2992 interfecisset,

372 3010 499 3064 fugae
539 3025 584 3052 se
619 3010 756 3064 dedit3
796 3012 840 3052 in
880 3025 966 3067 qua
1004 3009 1296 3066 deprehensus
1337 3023 1381 3050 se
1420 3009 1562 3064 ipsum
1596 3012 1638 3048 et
1676 3020 1858 3062 puerum
1897 3011 2087 3048 amatum

373 3079 587 3121 interfecit
616 3077 704 3121 Dio
735 3082 804 3129 72,
836 3082 900 3120 14.
960 3077 1210 3120 Alexander
1241 3092 1266 3119 a
1295 3074 1530 3120 Commodo
1565 3074 1745 3130 defecit,
1784 3079 1934 3130 postea
1972 3088 2018 3116 se
2046 3079 2090 3116 et

375 3161 474 3189 suos
503 3148 720 3189 interemit
747 3147 818 3191 vit.
848 3146 1003 3189 Gomon.
1024 3149 1064 3196 8,
1085 3149 1113 3188 3
1141 3146 1323 3199 fortasse
1351 3143 1472 3186 idem.

290 3216 345 3257 92
375 3215 442 3258 Ti.
471 3214 606 3257 Iulius
626 3214 890 3257 Alexander.
934 3215 1202 3257 Memoratur
1232 3213 1276 3255 in
1301 3212 1423 3254 titulo
1443 3210 1704 3266 Aeyyptiaco
1731 3208 1878 3252 GIGr.
1900 3212 2014 3267 4957
2029 3209 2088 3265 (1)

378 3286 416 3325 et
436 3283 480 3325 in
491 3282 660 3325 Aradio
678 3282 944 3326 CIGr.4536
953 3284 980 3336 f
992 3283 1184 3324 restituto
1205 3295 1233 3323 a
1250 3281 1512 3323 Mommseno
1533 3278 1678 3321 Herm.
1698 3277 1777 3320 vol.
1789 3280 1841 3320 19
1855 3270 1994 3332 p.644
2013 3277 2087 3333 (2).

379 3351 445 3393 Ti.
467 3350 604 3393 Iulius
624 3350 873 3393 Alexander
895 3350 1020 3401 tituli,
1051 3350 1117 3394 Ti.
1141 3348 1389 3391 Alexander
1408 3347 1644 3401 scriptores.
1692 3344 1829 3387 Filius
1849 3344 2089 3388 Alexandri
