2202 3724
243 309 426 343 LOLLIA
1103 299 1186 341 298
1788 305 2038 342 LONGINVS

325 437 479 489 (Soliu.
514 441 588 487 53,
619 435 708 488 29).
778 435 1010 477 Interfecta
1052 434 1286 477 Messalina
1331 433 1501 477 Claudii
1546 435 1865 477 matrimonium
1907 434 2042 477 ambit

331 506 426 549 Taso.
450 520 488 546 α.
511 508 579 554 12,
601 509 626 546 1
652 505 705 557 cf.
739 503 853 546 Suet.
883 502 950 545 Ol.
967 505 1036 546 26.
1084 501 1152 544 Ob
1183 502 1294 544 hanc
1324 517 1416 544 rem
1446 502 1586 544 invisa
1607 502 1872 559 Agrippinae
1901 502 2040 558 publi-

325 574 430 615 catis
461 573 584 615 bonis
615 570 791 626 pellitur
820 570 968 623 Italia,
1006 584 1108 625 mox
1137 570 1348 612 occiditur
1377 585 1414 612 a.
1446 569 1501 612 49
1535 570 1631 612 Tac.
1665 584 1704 612 a.
1734 573 1804 620 12,
1835 572 1910 613 22.
1949 569 2038 612 Dio

324 644 385 689 60,
407 642 466 682 32
496 638 618 690 (Zou.
639 637 808 691 11‚10).
864 637 1037 678 Mortua
1069 637 1311 693 Agrippina
1348 638 1512 679 cineres
1543 638 1634 679 eius
1665 639 1870 693 reportati
1900 637 2039 695 sepul-

324 720 531 763 crumque
563 712 811 747 extructum
847 705 1014 747 Taena.
1045 708 1111 755 14,
1133 708 1203 747 12.
1263 703 1415 747 Nullos
1445 704 1603 746 liberos
1633 711 1843 759 genuerat
1878 705 1975 748 Tac.
1998 720 2038 748 a.

323 779 392 825 12,
423 779 466 817 2.

239 844 320 886 243
351 842 490 884 Lollia
520 842 774 884 Saturnina:
806 842 898 882 eius
928 840 1071 882 liberti
1102 840 1367 896 libertaeque
1398 839 1466 882 VI
1485 843 1659 884 214730.

238 918 321 959 244
350 915 491 958 Lollia
522 915 720 959 Urbana:
755 916 845 957 eius
875 914 1030 957 liberta
1061 914 1128 956 VI
1147 918 1302 957 21497.

238 991 320 1032 245
351 996 574 1032 LONGINA
605 989 743 1031 Prisci
775 989 1021 1045 septemviri
1054 987 1285 1044 epulonum
1315 1002 1426 1030 uxor
1455 988 1533 1030 IX
1558 991 1683 1031 3426.

251 1084 307 1088 ——-
352 1064 564 1100 DOMITIA
594 1063 831 1100 LONGINA.

250 1151 308 1157 —-
351 1126 408 1169 M.
439 1125 740 1182 Pomp(0nius)
771 1125 976 1167 Bassulus
1007 1125 1317 1180 LonginianuS.

250 1220 308 1224 —
350 1201 402 1236 M.
436 1199 678 1235 SALONIVS
707 1199 978 1235 LONGINIVS
1010 1199 1324 1235 MARCELLVS.

237 1275 320 1316 246
350 1280 599 1316 LONGINVS
642 1274 746 1315 iuris
787 1272 1032 1327 consultus,
1075 1273 1272 1315 diversus
1312 1288 1338 1314 a
1378 1272 1427 1315 C.
1459 1272 1608 1315 Cassio
1636 1273 1835 1327 Longino
1865 1272 2040 1322 consule

324 1357 361 1383 a.
392 1356 433 1397 p.
466 1341 568 1384 Chr.
599 1343 667 1396 30,
699 1341 772 1383 sed
805 1341 996 1398 aequalis
1027 1343 1142 1395 eius3
1184 1357 1239 1382 ex
1270 1342 1459 1397 equestri
1490 1341 1662 1395 ordine,
1705 1340 1779 1383 sed
1806 1347 1956 1397 postea
1985 1340 2039 1383 ad

323 1416 570 1465 praeturam
599 1425 736 1466 usque
766 1411 963 1466 pervenit
992 1409 1249 1463 Pomponius
1277 1409 1379 1464 Diy.
1400 1413 1438 1460 1,
1459 1413 1503 1460 2,
1524 1413 1566 1460 2,
1588 1410 1659 1453 52.

237 1489 319 1530 247
350 1494 600 1531 LONGINVS
646 1489 757 1531 bello
805 1489 992 1530 secundo
1037 1489 1199 1530 Dacico
1239 1488 1397 1543 legioni
1438 1490 1707 1546 praepositus
1754 1489 2038 1546 (στρατοπέδου

255 1602 259 1604 ,
322 1555 522 1612 Ῥωμαίου
563 1558 850 1614 ἐξηγούμενος),
892 1572 917 1598 a
956 1556 1174 1599 Decebalo
1215 1557 1368 1598 fraude
1412 1563 1563 1614 captus
1606 1572 1651 1599 se
1690 1558 1832 1613 ipsum
1872 1571 2038 1599 veneno

322 1625 539 1666 interemit
569 1624 656 1667 Dio
682 1628 750 1675 68,
784 1629 852 1669 12.
913 1625 1040 1667 Hunc
1081 1638 1164 1667 esse
1202 1626 1337 1666 virum
1375 1625 1635 1667 consularem
1664 1625 1740 1667 sub
1777 1625 1964 1668 Traiano
1994 1627 2040 1668 iu

322 1691 467 1734 Dacia
488 1696 667 1746 captum,
692 1708 809 1747 quem
829 1694 995 1735 nomine
1015 1707 1100 1735 uon
1120 1694 1263 1746 posito
1285 1696 1489 1735 memorat
1507 1693 1670 1735 Fronto
1693 1693 1741 1735 de
1763 1693 1867 1736 bello
1886 1693 2037 1735 Parth.

323 1763 385 1815 (p.
406 1764 493 1804 217
512 1761 690 1815 Naber),
723 1762 897 1803 coniecit
929 1761 1092 1811 Maius,
1124 1761 1197 1803 sed
1225 1761 1370 1803 dubito
1398 1775 1498 1803 uum
1527 1765 1649 1804 recte.

239 1841 321 1883 248
351 1841 598 1896 Longinus,
639 1841 838 1883 tribunus
878 1842 921 1882 in
962 1842 1155 1883 exercitu
1186 1841 1339 1896 Cestii,
1382 1857 1408 1883 a
1437 1841 1609 1884 Iudaeis
1640 1843 1807 1884 occisus
1836 1840 2040 1904 Iosephus

324 1909 414 1953 bell.
436 1913 479 1960 2,
502 1912 567 1959 19,
592 1913 628 1953 7.

237 1988 320 2030 249
351 1989 584 2043 Longinus,
608 2005 737 2045 eques
759 1991 803 2031 in
824 1992 1018 2032 exercitu
1039 1990 1139 2044 Titi,
1169 1989 1337 2031 fortiter
1357 1995 1522 2045 pugnat
1542 1989 1744 2043 Iosephus
1765 1988 1856 2031 bell.
1877 1991 1915 2038 5,
1939 1991 1976 2039 7,
1996 1991 2037 2030 3.

237 2069 320 2110 250
350 2069 573 2123 Longinus
605 2068 750 2123 (plene
779 2068 952 2111 Cassius
982 2070 1205 2123 Longinus
1236 2068 1415 2111 Photius
1444 2069 1519 2111 leat.
1550 2082 1582 2113 s.
1603 2083 1639 2113 v.
1671 2070 1823 2126 σέρφοι,
1853 2069 2040 2124 Λογγῖνος

323 2139 342 2179 ὁ
371 2135 543 2183 Κάσσιος
574 2137 728 2180 Suidas
751 2152 928 2191 prooem.
960 2141 997 2180 et
1027 2151 1059 2182 s,
1090 2152 1125 2182 v.
1148 2138 1351 2194 Λογγῖνος)
1383 2137 1529 2179 rhetor
1558 2144 1600 2179 et
1629 2136 1919 2193 philosophus
1970 2135 2039 2178 De

321 2206 410 2247 vita
439 2209 478 2247 et
506 2207 676 2260 scriptis
706 2207 795 2248 eius
825 2208 877 2260 cf.
905 2206 1114 2248 Ruhnken
1142 2206 1372 2260 disputatio
1394 2206 1443 2248 de
1463 2206 1654 2260 Louyiuo
1674 2208 1783 2248 1776
1813 2203 2039 2257 (Ruhnken

323 2288 414 2327 opp.
456 2274 538 2328 [ed.
570 2274 856 2317 Friedemauri
884 2274 1019 2330 1828]
1047 2290 1095 2329 p.
1119 2277 1205 2317 412
1232 2274 1346 2329 seq).
1409 2274 1544 2316 Natus
1573 2273 1851 2328 Frontonide,
1893 2287 2038 2316 sorore

322 2342 552 2384 Frontonis
589 2343 781 2384 Emiseni
822 2343 1005 2385 rhetoris
1045 2344 1119 2399 qui
1159 2343 1270 2384 vixit
1309 2342 1573 2398 temporibus
1614 2341 1788 2397 Severi,
1830 2348 1873 2384 et
1901 2341 1957 2384 ab
1987 2355 2036 2384 eo

323 2409 446 2451 heres
490 2411 709 2452 institutus
757 2411 916 2453 Suidas
958 2425 987 2453 s.
1034 2425 1070 2455 v.
1111 2411 1309 2468 Φρόντων.
1377 2410 1485 2452 Inde
1524 2425 1550 2452 a
1588 2410 1793 2466 pueritia,
1837 2417 2038 2466 parentes

323 2485 506 2532 secutus,
539 2478 697 2528 multas
724 2480 969 2535 provincias
989 2479 1096 2521 adiit
1117 2480 1206 2533 ipse
1227 2493 1294 2533 ap.
1317 2478 1601 2533 Porphyrium
1621 2478 1670 2520 de
1689 2479 1760 2521 vit.
1782 2477 1949 2520 Plotini
1965 2479 2037 2520 20.

323 2546 529 2601 Magister
570 2547 802 2603 Porphyrii
839 2549 1069 2602 Euuapius
1107 2549 1177 2590 vit.
1208 2547 1324 2601 soph.
1348 2562 1395 2601 p.
1419 2550 1447 2589 7
1472 2547 1534 2589 ed.
1564 2546 1785 2598 Boissou.;
1823 2561 1951 2603 quem
1990 2553 2038 2589 ut

325 2629 346 2655 e
388 2614 536 2657 Sicilia
573 2615 627 2657 ad
664 2631 709 2657 se
743 2618 910 2659 veniret
951 2618 994 2658 in
1035 2616 1282 2658 Phoenicen
1328 2615 1522 2657 hortatus
1563 2621 1627 2656 est
1664 2614 1928 2669 Porphyrius
1964 2615 2036 2658 vit.

324 2682 482 2725 Plotiu.
504 2687 567 2727 19.
590 2708 648 2713 —
668 2684 731 2726 Eo
754 2686 958 2739 magistro
980 2684 1035 2726 ad
1058 2685 1246 2728 Graecas
1267 2684 1432 2725 litteras
1453 2683 1613 2725 dicitur
1633 2698 1711 2725 usa
1731 2697 1824 2724 esse
1845 2682 2039 2726 Zenobia

321 2751 391 2794 vit.
413 2750 560 2793 Aurei.
592 2766 624 2793 o.
645 2755 698 2794 30
708 2766 721 2803 ;
751 2752 984 2794 Zenobiam
1014 2754 1058 2794 in
1088 2752 1232 2795 multis
1263 2751 1393 2795 rebus
1423 2751 1589 2808 adiuvit
1613 2750 1792 2793 Photius
1822 2751 1920 2793 bibl.
1948 2750 2037 2794 cod.

321 2821 404 2861 265
435 2819 499 2873 (p.
521 2822 608 2862 492
637 2819 799 2873 Bekk).
861 2820 1040 2862 Occisus
1071 2821 1126 2863 ab
1155 2819 1390 2862 Aureliano
1421 2820 1490 2862 vit.
1517 2819 1663 2861 Aurel.
1697 2819 1723 2862 l.
1755 2833 1813 2870 e.;
1843 2819 2038 2861 Zosimus

320 2891 358 2937 1,
380 2889 433 2929 56
441 2900 453 2938 ,·
484 2887 643 2929 Suidas
663 2901 695 2930 s.
716 2902 751 2931 v.
773 2890 970 2944 Λογγῖνος.
992 2914 1049 2918 -
1073 2889 1170 2931 Nou
1194 2891 1302 2930 recte
1326 2887 1423 2930 huie
1450 2887 1549 2930 olim
1579 2887 1844 2929 tribuebatur
1874 2875 2038 2930 libellus

323 2958 409 3012 περὶ
446 2956 586 3011 ὕψους,
628 2955 836 3009 Dionysio
874 2958 958 2998 sive
997 2958 1190 3011 Loriyirio
1232 2956 1471 3010 adscriptus
1513 2956 1560 2997 iri
1601 2955 1740 2998 codice
1774 2955 2036 3006 Parisiensi,·

323 3024 377 3077 cf.
408 3022 606 3065 Martens
636 3023 684 3065 de
714 3023 852 3065 libello
883 3027 969 3080 περὶ
1001 3026 1121 3080 ὕψους
1153 3023 1269 3076 (diss.
1301 3023 1441 3068 Borm.
1472 3026 1598 3079 1877)
1622 3038 1669 3077 p.
1690 3025 1753 3066 22
1772 3036 1854 3077 seq.

252 3115 307 3119 -
353 3089 563 3132 Aemilius
594 3090 828 3145 Longinus.
1115 3099 1118 3102 ’

250 3184 306 3188 --
350 3158 611 3214 Calpurnius
640 3159 876 3212 Longinus.

250 3251 306 3255 —
351 3232 392 3268 C.
425 3232 622 3269 CASSIVS
652 3232 918 3270 LONGINVS.

252 3319 308 3323 -—
351 3301 396 3338 L.
429 3300 627 3337 CASSIVS
659 3299 921 3336 LONGINVS.

250 3387 304 3391 —-—
350 3361 402 3415 Q.
432 3362 606 3406 Cassius
637 3361 872 3417 Longinus
