2202 3724
252 330 484 366 MVMMIVS
1114 319 1196 361 388
1818 323 2051 359 MVMMIVS

341 459 540 515 [traditur
569 457 755 512 Vignus]
788 455 1053 510 Severin[us]
1084 454 1133 497 C.
1164 453 1378 497 Aucidius
1409 451 1658 508 Tertulssus]
1690 456 1716 495 t.
1748 456 1786 505 1,
1819 454 2054 497 Mummius

338 529 475 582 Niger
503 525 703 569 Valerius
733 525 927 578 Vegetus
958 526 986 565 t.
1016 527 1058 566 2.
1117 521 1367 565 Cauciolium
1402 521 1634 564 Tertullum
1673 521 1808 564 elicere
1846 522 2055 565 malumus

340 609 463 649 quam
476 593 514 636 C'
515 631 522 638 .
531 593 773 642 Amulium,
777 594 956 646 propter
962 590 1153 632 Anniam
1162 589 1387 644 Reyillam,
1397 588 1646 632 Caucidiam
1660 590 1892 633 Tertullam
1902 590 2057 633 dictam

338 665 385 705 in
406 667 432 706 t.
450 662 683 711 Eleusinio,
700 661 754 714 cf.
771 661 902 714 infra.
940 658 1154 702 Oriundus
1173 659 1263 712 sine
1279 658 1405 701 dubio
1426 672 1454 700 a
1470 658 1516 711 Q.
1540 656 1707 700 Valerio
1728 658 1875 713 Veyeto
1892 659 2056 702 consule

338 730 513 782 suffecto
553 744 663 772 anno
703 732 767 779 91,
811 743 839 770 a
877 728 995 770 cuius
1033 730 1169 769 matre
1205 726 1405 769 Cornelia
1436 726 1639 769 Severina
1668 725 1746 779 (II
1765 729 1892 783 2074)
1924 728 2059 770 traxit

341 799 534 843 Severini
566 811 787 852 coynomen
822 795 893 850 (cf.
929 795 1139 850 Boryhesi
1173 809 1265 849 opp.
1294 797 1322 836 8
1353 809 1401 849 p.
1431 794 1550 849 272),
1590 795 1772 848 fortasse
1800 809 1926 850 nepos
1955 797 2056 847 eius,

332 866 558 922 parentela
589 865 735 919 aliqua
764 865 1007 907 coniunctus
1038 877 1128 905 cum
1163 863 1313 918 Appia
1341 862 1490 904 Annia
1516 862 1689 917 Reyilla
1719 862 1924 906 Cauciolia
1959 864 2058 907 Ter-

340 934 447 976 tulla
476 933 660 976 Herodis
689 932 827 974 Attici
854 946 986 974 uxore
1016 932 1092 986 (sic
1122 930 1236 973 dicta
1270 931 1316 972 in
1345 933 1372 972 t.
1404 930 1630 973 Eleusinio
1660 930 1771 985 Eph.
1804 931 1918 973 arch.
1949 934 2058 975 1885

335 1018 383 1057 p.
406 1005 504 1053 152,
537 1002 591 1055 cf.
621 1015 754 1055 supra
782 1000 825 1042 A
854 999 950 1054 557)
981 1003 1021 1042 et
1048 999 1099 1041 P.
1131 998 1307 1054 Viyellio
1336 998 1453 1041 Raio
1482 998 1634 1041 Plario
1665 998 1901 1042 Saturnino
1920 999 2060 1042 Atilio

339 1070 577 1113 Braduano
615 1068 818 1111 Cauciolio
855 1068 1039 1110 Tertullo
1070 1068 1175 1123 (III
1187 1066 1310 1121 6183)
1335 1066 1587 1121 proconsule
1615 1066 1796 1120 Africae
1825 1081 1936 1110 anno
1964 1070 2057 1112 180.

343 1138 502 1182 Consul
533 1141 562 1180 t.
586 1141 611 1180 1
632 1136 744 1192 (suff,
767 1151 806 1178 a.
828 1136 939 1191 ina),
970 1135 1206 1178 consularis
1228 1138 1256 1179 t.
1277 1138 1319 1179 2.
1363 1134 1479 1177 Villa
1500 1136 1591 1177 eius
1612 1134 1727 1177 dicta
1747 1135 1995 1178 Calvisiana
2014 1137 2057 1179 in

341 1221 445 1262 agro
476 1206 761 1260 Viterbiensi,
804 1205 847 1247 in
879 1219 1008 1261 quam
1051 1204 1235 1246 adduxit
1273 1218 1429 1260 aquam
1469 1203 1628 1246 dictam
1658 1219 1684 1245 a
1712 1204 1886 1246 nomine
1923 1204 2058 1262 ipsius

341 1276 624 1329 Vegetianam
655 1278 683 1316 t.
714 1277 757 1317 2.
2034 1283 2036 1286 ’

258 1356 342 1399 516
371 1361 606 1397 MVMMIVS
639 1360 950 1405 QVADRATvs‚
981 1353 1119 1395 Marci
1154 1353 1424 1408 imperatoris
1445 1352 1603 1394 sororis
1625 1351 1696 1404 (sc.
1718 1351 1888 1395 Anniae
1909 1352 2058 1396 Corni-

342 1424 465 1478 ficiae
493 1420 748 1476 Faustinae)
778 1421 915 1475 filius;
953 1421 992 1462 ei
1022 1421 1197 1463 Marcus
1228 1421 1462 1476 imperator
1491 1419 1630 1461 factus
1661 1419 1872 1463 bonorum
1902 1428 2058 1464 mater-

343 1507 495 1534 norum
535 1498 700 1547 partem
739 1489 918 1532 tradidit
955 1489 1026 1530 vit.
1067 1488 1216 1530 Marci
1253 1491 1290 1538 7,
1319 1491 1359 1530 4.
1440 1487 1612 1530 Videtur
1650 1488 1917 1531 scribendum
1955 1489 2058 1533 Um-

342 1560 499 1602 midius
530 1559 792 1612 Quadratus,
827 1558 903 1600 sub
935 1571 1014 1611 quo
1044 1557 1097 1611 cf.

260 1642 340 1684 517
370 1641 605 1682 Mummius
647 1638 942 1692 Secundinus,
994 1638 1105 1679 inter
1147 1636 1311 1679 nobiles
1353 1652 1379 1679 a
1420 1636 1581 1679 Severo
1630 1637 1793 1679 occisos
1831 1637 1903 1679 vit.
1945 1637 2060 1692 Sept.

345 1707 490 1751 Severi
518 1711 584 1758 13,
617 1711 655 1750 1.

261 1789 342 1831 518
373 1795 413 1829 P.
435 1793 670 1828 MVMMIVS
694 1792 909 1828 SISENNA
940 1785 1043 1839 (tria
1063 1784 1236 1826 nomina
1257 1787 1403 1826 extant
1432 1783 1500 1826 VI
1512 1787 1663 1828 10299.
1694 1784 1821 1827 XIV
1830 1788 1949 1828 2112
1967 1798 2004 1828 υ.
2019 1787 2060 1836 8,

346 1856 578 1897 Mummius
610 1855 793 1898 Sisenna
825 1853 891 1896 VI
914 1855 1070 1903 13505,
1102 1852 1349 1907 plerumque
1389 1852 1593 1906 Sisenna3
1635 1852 1855 1908 Silvanus,
1889 1852 2063 1897 Silanus

343 1924 480 1978 pauci
507 1924 712 1978 fastorum
746 1921 968 1975 laterculi),
1001 1920 1150 1963 consul
1180 1921 1423 1963 ordinarius
1461 1936 1498 1965 a.
1530 1922 1610 1963 133
1645 1935 1743 1963 cum
1781 1921 1841 1965 M.
1872 1921 2062 1964 Antonio

345 1992 511 2034 Hibero
540 1992 657 2045 fasti.
716 1991 920 2033 Fortasse
945 1990 1054 2032 idem
1086 1988 1348 2044 [Mum]mius
1370 1989 1554 2032 Sisenna
1575 1992 1603 2033 t.
1626 1989 1859 2032 Veliternus
1877 1989 1926 2031 X
1942 1991 2063 2032 6587.

260 2072 343 2113 519
374 2078 413 2114 P.
458 2077 691 2111 MVMMIVS
735 2075 947 2111 SISENNA
987 2074 1302 2112 RVTILIANVS.
1376 2068 1510 2110 Tituli
1553 2068 1632 2110 duo
1674 2068 1908 2119 Tiburtini,
1956 2068 2064 2111 alter

341 2140 509 2194 positus
539 2153 567 2180 a
597 2142 746 2181 senatu
767 2137 1006 2192 populoque
1043 2137 1236 2187 Tiburte,
1267 2136 1440 2178 mutilus
1468 2135 1594 2178 XIV
1614 2139 1726 2178 4244
1755 2135 1827 2193 (1),
1870 2137 1978 2180 alter
2008 2137 2062 2180 ab

348 2207 622 2249 Herculaniis
650 2206 958 2261 Auyustalibus
987 2205 1113 2248 XIV
1133 2208 1240 2247 3601
1273 2204 1348 2260 (2).
1403 2204 1585 2247 Plenum
1614 2219 1763 2248 nomen
1792 2205 1956 2248 eoehibet
1984 2208 2014 2248 t.
2034 2208 2065 2249 2

346 2277 408 2330 (in
437 2279 465 2318 t.
497 2279 522 2317 1
549 2289 809 2330 praenomen
829 2275 988 2328 periit;
1026 2273 1113 2316 solo
1143 2273 1362 2315 Rutiliani
1388 2273 1629 2328 coynomine
1656 2274 1792 2315 utitur
1819 2273 2065 2329 Lucianus).

347 2344 482 2386 Tribu
524 2344 619 2388 Gal.
658 2347 685 2387 t.
716 2347 760 2386 2.
821 2344 868 2385 Ρ.
901 2343 929 2384 f.
960 2346 987 2385 t.
1019 2346 1055 2384 1.
1087 2345 1132 2384 2.
1200 2342 1344 2384 Filius
1380 2343 1563 2395 fortasse
1601 2342 1691 2384 eius
1727 2342 1802 2395 qui
1831 2341 2064 2396 praecedit.

347 2412 578 2453 Decemvir
588 2411 773 2453 stlitibus
789 2410 1042 2464 iudicandis,
1058 2410 1257 2451 tribunus
1274 2408 1454 2464 legionis
1466 2409 1507 2451 V
1518 2409 1838 2463 Macedonicae,
1851 2417 2063 2466 quaestor,

350 2480 548 2521 tribunus
570 2479 720 2536 plebis,
743 2486 927 2535 praetor,
948 2478 1116 2532 legatus
1137 2478 1318 2532 legionis
1334 2478 1399 2519 VI
1414 2478 1631 2531 Victricis,
1653 2477 1897 2534 praefectus
1912 2480 2066 2521 aerarii

351 2548 525 2590 Saturni
555 2551 582 2589 t.
603 2551 641 2590 1.
663 2551 706 2591 2.
759 2546 919 2589 Consul
951 2550 978 2588 t.
1007 2551 1044 2589 1.
1076 2551 1119 2596 2,
1150 2545 1248 2597 suff.
1281 2560 1321 2588 a.
1351 2546 1432 2587 inc.
1484 2545 1735 2588 Praefectus
1766 2545 2065 2590 alimentorum

349 2630 424 2671 per
461 2615 690 2657 Aemiliam
730 2618 758 2656 t.
790 2619 828 2657 1.
860 2619 903 2658 2.
968 2616 1159 2669 Legatus
1204 2614 1320 2668 Aug.
1365 2629 1444 2670 pro
1490 2629 1554 2670 pr.
1601 2613 1791 2656 Moesiae
1835 2616 2066 2671 superioris

351 2687 377 2725 t.
408 2688 446 2727 1.
475 2687 517 2725 2.
578 2683 648 2725 Ab
676 2677 925 2724 Alexandro
967 2682 1278 2725 Abonutichita
1317 2682 1492 2724 iubetur
1531 2682 1638 2724 duos
1677 2681 1821 2724 leones
1859 2685 1983 2725 vivos
2022 2685 2067 2725 in

350 2752 601 2793 Danuvium
652 2752 834 2805 inieci-03
886 2752 948 2792 ita
997 2751 1156 2793 bellum
1201 2751 1529 2803 Germanicum,
1577 2750 1694 2807 quod
1741 2750 1916 2793 Marcus
1965 2752 2066 2808 imp.

351 2819 530 2873 gerebat
560 2834 656 2860 cum
687 2819 977 2860 Marcomanis
1009 2827 1049 2860 et
1072 2819 1250 2873 QuadiS,
1283 2818 1338 2860 ad
1367 2833 1623 2875 prosperum
1654 2818 1783 2859 finem
1811 2818 2068 2875 perductum

351 2889 403 2928 iri
436 2889 652 2929 Lueianus
675 2888 968 2941 pseudomant.
1001 2902 1034 2931 c.
1065 2890 1131 2929 48.
1194 2886 1428 2930 Verisimile
1458 2890 1518 2928 est
1545 2886 1621 2928 hoc
1649 2900 1893 2940 responsum
1923 2887 2068 2929 olatwm

350 2969 435 2997 esse
464 2955 689 2997 Rutiliano
720 2955 856 3009 leyato
890 2956 1105 3008 Moesiam
1145 2970 1236 2997 cum
1267 2959 1405 2997 autem
1436 2956 1652 2996 Isacianus
1681 2957 1840 3006 narret,
1863 2958 1966 3010 post
1992 2955 2069 2998 hoc

349 3037 590 3078 responsum
616 3023 850 3066 Germanos
884 3025 930 3066 in
960 3025 1138 3066 Italiam
1168 3025 1373 3078 irrupisse
1403 3026 1442 3065 et
1470 3023 1714 3077 Aquileiam
1742 3036 1870 3077 usque
1897 3024 2066 3074 venisse,

349 3092 568 3134 Rutiliani
603 3091 755 3145 leyatio
787 3091 951 3133 videtur
991 3092 1235 3134 collocanda
1275 3105 1360 3134 esse
1402 3104 1435 3133 c.
1477 3105 1517 3133 a.
1553 3094 1645 3133 167.
1698 3090 1936 3134 Proconsul
1970 3106 2067 3148 pro-

351 3161 519 3201 vinciae
549 3159 679 3201 Asiae
711 3162 737 3203 t.
769 3163 807 3201 1.
838 3163 882 3209 2,
913 3173 996 3201 non
1027 3163 1128 3214 post
1159 3173 1316 3202 annum
1344 3162 1536 3213 171s172,
1578 3172 1670 3201 cum
1704 3162 1732 3201 t.
1763 3162 1795 3202 2
1814 3159 1984 3213 positus
2013 3159 2071 3202 sit

352 3228 390 3270 ol.
412 3232 437 3270 1
467 3228 565 3269 Iun.
587 3230 672 3269 172
692 3228 763 3282 (cf.
793 3227 1078 3282 Waolclinyton
1108 3229 1240 3281 fastos
1271 3227 1341 3269 cles
1363 3241 1485 3282 prov.
1517 3227 1645 3269 asiat.
1672 3240 1715 3269 n.
1736 3229 1846 3283 153).
1888 3227 2066 3283 Augur3

351 3296 597 3338 Tiburtium
636 3302 840 3351 patronus
887 3295 1035 3351 ibique
1075 3303 1246 3338 curator
1286 3295 1375 3337 fani
1417 3294 1617 3338 Herculis
1656 3295 1846 3337 Victoris
1886 3298 1913 3338 t.
1952 3299 1991 3340 1.
2022 3299 2066 3347 2,

352 3364 454 3406 item
485 3363 615 3405 salius
652 3366 680 3404 t.
711 3366 754 3406 2.
814 3363 954 3404 Homo
984 3362 1177 3419 alioquin
1208 3364 1394 3419 optimae
1433 3362 1611 3419 indolis,
1651 3362 1727 3405 sed
1758 3377 1892 3419 prave
1923 3377 2069 3420 super-
