2190 3724
124 281 443 318 EVPHRONIVS
1000 275 1056 317 43
1809 279 1840 314 F
1862 305 1872 314 .
1897 305 1907 315 .
1934 305 1943 314 .

209 411 321 467 Aug.
344 411 432 466 lib„
463 418 718 468 procurator
737 411 864 454 XIV
874 414 1002 454 2087.
1047 410 1116 454 De
1137 410 1224 453 alio
1246 409 1420 465 dem'que
1440 410 1664 464 Euphrate
1685 411 1740 465 cf.
1763 410 1943 454 Hirsch-

210 480 300 535 feld
327 480 450 522 Rom.
484 480 631 522 Mv'tth.
654 483 768 522 1887
786 494 834 534 p.
856 483 947 524 212
975 483 1061 522 uot.
1083 483 1127 523 2.

124 549 179 592 93
210 548 511 605 Euphronius,
555 555 811 605 praeceptor
849 547 1083 591 liberorum
1123 548 1182 590 M.
1225 548 1406 591 Antonii
1448 555 1490 591 et
1527 547 1805 604 Cleopatrae,
1848 555 1945 604 post

209 631 401 674 pugnam
427 616 652 660 Actiacam
680 618 837 659 missus
867 617 923 659 ad
954 616 1184 660 Caesarem
1213 616 1334 659 Plut.
1357 616 1460 659 Ant.
1484 619 1552 660 72.

123 686 181 728 94
210 686 436 742 Euprepes
466 687 630 741 auriga,
663 685 915 728 interfectus
946 702 971 728 a
1002 685 1228 729 Caracalla
1256 701 1294 728 a.
1317 687 1395 728 211
1426 685 1516 728 Dio
1541 689 1606 736 77,
1629 690 1667 728 1.

123 754 179 797 95
209 754 428 811 Euryalus
457 754 674 810 gladiator
702 754 919 797 Iuvenalis
944 758 982 805 6,
1004 757 1072 796 81.

123 847 181 852 —
211 822 260 866 O.
292 822 432 865 Iulius
462 823 688 880 Euryclea

123 916 181 921 —
212 898 254 934 C.
285 898 451 934 IVLIVS
484 898 747 934 EVRYCLES
778 898 1130 934 HERCVLANVS.

124 986 182 991 —
213 967 256 1011 Ω.
288 966 536 1002 POMPEIVS
568 966 783 1002 SENECIO
815 966 1022 1002 ROSCIVS
1053 966 1268 1001 MVRENA
1300 964 1373 1003 cet.
1408 967 1448 1003 C.
1482 968 1648 1003 IVLIVS
1679 968 1942 1004 EVRYCLES

209 1035 578 1070 HERCVLANEVS
608 1032 682 1071 Get.
716 1035 883 1070 SOSIVS
915 1035 1133 1070 PRISCVS.

123 1123 181 1127 —
209 1104 253 1148 Ω.
286 1103 493 1139 ROSCIVS
535 1103 745 1139 COELIVS
786 1103 1000 1138 MVRENA
1041 1103 1200 1139 SILIVS
1241 1104 1492 1141 DECIANVS
1524 1105 1791 1141 VIBVLLIVS
1833 1105 1942 1141 PIVS

209 1172 375 1207 IVLIVS
405 1171 667 1207 EVRYCLES
698 1171 999 1207 HERCLANVS
1031 1171 1281 1208 POMPEIVS
1313 1173 1490 1209 FALCO.

122 1259 182 1265 -—
210 1240 502 1276 CLAVDIANA
531 1240 763 1275 EVSEBIA.

123 1302 179 1344 96
209 1301 458 1358 Eutropius,
490 1309 614 1358 pater
644 1301 887 1344 Constantii
918 1301 1118 1345 Caesaris
1147 1303 1219 1344 vit.
1249 1302 1407 1345 Claud.
1433 1307 1497 1354 13,
1519 1308 1563 1347 2.

122 1395 181 1401 —
209 1377 251 1413 P.
283 1370 408 1425 (M.‘?)
439 1377 690 1412 VALERIVS
722 1376 962 1412 COMAZON
991 1377 1361 1414 EVTYCHIANVS.

124 1439 178 1482 97
209 1445 491 1481 EVTYCHIVS
522 1445 780 1481 PROCVLVS
810 1439 1036 1494 Siccensis,
1069 1441 1376 1494 grammaticus
1396 1441 1593 1496 Latinus,
1625 1456 1710 1498 quo
1736 1443 1943 1496 magistro

210 1507 387 1550 Marcus
418 1508 519 1564 imp.
552 1523 654 1550 usus
686 1514 762 1563 est,
794 1523 924 1564 quem
954 1515 1105 1564 postea
1125 1508 1180 1550 ad
1200 1509 1554 1565 proconsulatum
1578 1525 1717 1566 usque
1748 1511 1945 1566 provexit

209 1577 415 1619 oneribus
436 1577 481 1618 in
502 1591 548 1618 se
570 1577 754 1633 receptis
774 1577 846 1619 vit.
866 1576 1016 1619 Marci
1033 1581 1077 1620 2.
1109 1576 1260 1631 (Apud
1273 1578 1339 1620 M.
1357 1578 1519 1620 Autou.
1533 1582 1571 1629 1,
1590 1582 1615 1620 6
1635 1593 1720 1633 pro
1741 1578 1943 1636 Βακχείου

208 1645 272 1687 vel
301 1644 481 1702 Βακχίου
513 1645 700 1687 codicum
729 1645 923 1688 Gataker
952 1646 1128 1688 coniecit
1156 1645 1367 1703 Εὐτυχίου,
1400 1647 1450 1689 dc
1479 1647 1556 1689 hoc
1586 1648 1807 1703 ooyitaus).

124 1714 178 1756 98
210 1713 438 1770 Eutychus
482 1713 660 1770 quidam
707 1713 906 1769 Augusto
956 1714 1073 1771 apud
1115 1714 1294 1757 Actium
1343 1715 1621 1758 descendenti
1677 1731 1775 1758 cum
1824 1718 1943 1758 asino

211 1783 421 1837 occurrit3
453 1790 496 1825 et
524 1783 606 1839 ipsi
634 1789 677 1825 et
705 1782 870 1825 bestiae
900 1782 1132 1826 simulacra
1161 1785 1301 1840 posita
1321 1784 1438 1827 Suet.
1460 1784 1574 1840 Auy.
1597 1788 1662 1828 96.

125 1852 180 1894 99
212 1850 436 1907 Eutychus
452 1850 675 1908 Agrippae
694 1852 846 1894 Iudaei
866 1851 1060 1907 libertus,
1080 1852 1315 1907 raedarius,
1339 1852 1562 1895 dominum
1582 1853 1698 1910 apud
1719 1853 1941 1896 Tiberium

210 1926 386 1962 accusat
405 1920 570 1975 Ioseph.
594 1923 680 1963 aut.
702 1923 768 1971 18,
791 1924 829 1971 6,
854 1923 895 1964 5.
920 1924 958 1963 6.

126 1989 213 2049 loo
237 1988 463 2045 Eutychus
490 1989 676 2044 agitator
705 1988 902 2032 factionis
932 1991 1143 2047 prasinae,
1182 1991 1294 2034 Gaio
1325 1991 1644 2048 acceptissimus
1665 1991 1831 2046 Ioseph.
1855 1995 1942 2034 aut.

209 2061 275 2108 19,
296 2061 335 2108 4,
357 2061 407 2109 4;
437 2057 554 2100 Suet.
583 2057 677 2101 Cal.
698 2060 766 2101 55.

127 2127 205 2169 101
237 2125 487 2182 Eutychus:
509 2127 549 2168 ei
571 2126 797 2169 Phaedrus
818 2127 937 2169 misit
956 2126 1201 2170 fabularum
1226 2127 1388 2170 librum
1409 2130 1585 2171 tertium
1606 2129 1835 2172 Phaedrus
1855 2130 1943 2172 III

209 2194 325 2249 prol.
346 2198 373 2237 1
396 2208 504 2249 seq.‚·
531 2194 679 2238 multis
710 2195 862 2237 officiis
894 2203 1128 2252 occupatus
1158 2197 1230 2246 ib„
1261 2197 1361 2239 item
1391 2197 1487 2252 epil.
1508 2201 1547 2240 3.
1607 2198 1814 2241 Fortasse
1835 2191 1944 2240 idem

209 2263 284 2317 qai
302 2262 525 2317 praecedit
553 2260 802 2315 (Buecheler
830 2277 935 2306 mus.
958 2264 1095 2306 Rhea.
1116 2267 1183 2315 37,
1206 2267 1320 2308 1882
1341 2280 1389 2320 p.
1411 2269 1524 2322 333).

122 2356 180 2361 ——
210 2330 456 2385 Cl(audius)
488 2331 729 2388 Perpetuus
758 2331 997 2375 Flavianus
1027 2333 1272 2389 Eutychus.

125 2401 207 2443 102
237 2400 469 2454 Exedares,
492 2399 725 2442 Armeniae
746 2416 772 2442 a
792 2400 966 2443 Parthis
987 2417 1063 2444 rex
1084 2403 1320 2459 impositus,
1352 2410 1502 2459 postea
1529 2404 1584 2446 ab
1615 2404 1676 2445 eis
1698 2403 1940 2457 destitutus,

209 2469 386 2511 Traiani
416 2474 558 2511 aetate
578 2467 667 2523 Dio
687 2472 753 2520 68,
776 2473 831 2511 17
851 2467 954 2521 (esec.
977 2470 1027 2513 de
1052 2471 1161 2527 lea).

122 2562 180 2567 ——
209 2543 253 2580 Τ.
283 2544 496 2580 MESSIVS
526 2543 856 2580 EXTRICATVS.

998 2785 1064 2864 F

153 2951 172 2994 1
208 2958 310 2994 IMP.
346 2959 398 2997 M.
429 2959 485 2997 F.
504 2986 514 2996 .
533 2988 543 2998 .
579 2959 660 2998 RV.
679 2989 688 2997 .
707 2986 716 2995 .
736 2989 745 2998 .
777 2959 1077 2996 IOTAPIANVS
1118 2954 1208 3008 (im.
1242 2954 1290 2998 C.
1314 2969 1401 3009 pro
1440 2956 1543 3012 imp.
1580 2969 1774 2998 uiuamus
1809 2960 1841 2998 2
1871 2970 1939 3009 ap.

204 3019 357 3071 Oolaen,
378 3022 429 3064 R.
442 3036 528 3076 pro
548 3023 630 3064 Ru.
652 3023 815 3064 nummi
833 3026 858 3064 1
879 3025 919 3065 ct
936 3022 979 3076 3)
1009 3024 1173 3065 nummi
1201 3024 1392 3078 aryeutei
1418 3039 1488 3078 ap.
1518 3023 1659 3067 Cohen
1678 3023 1757 3066 vol.
1779 3026 1806 3066 5
1826 3023 1888 3065 ed.
1909 3027 1942 3065 2

212 3103 260 3143 1).
281 3092 374 3134 183.
393 3115 453 3120 —
470 3091 722 3147 Iotapianus
751 3090 993 3134 Alexandri
1025 3098 1193 3133 tumens
1223 3093 1358 3149 stirpe
1389 3092 1532 3135 Victor
1567 3092 1686 3135 Caes.
1708 3095 1779 3142 29,
1810 3096 1854 3142 2,
1895 3091 1941 3132 in

209 3156 389 3199 Oriente
429 3158 494 3212 (in
525 3158 655 3214 Syria
688 3159 849 3210 Victor,
892 3160 939 3202 in
969 3159 1247 3216 Cappadocia
1278 3160 1456 3215 Silvius)
1496 3167 1647 3203 contra
1686 3159 1939 3215 Philippum

208 3223 438 3268 rebellavit
475 3233 518 3268 et
554 3227 683 3269 facile
721 3242 951 3284 oppressus
989 3235 1055 3270 est
1095 3228 1292 3271 Zosimus
1306 3279 1308 3281 ¹
1323 3233 1361 3280 1,
1390 3233 1462 3280 20,
1485 3233 1566 3281 21,·
1603 3236 1815 3284 tyrannus
1856 3227 1938 3269 sub

209 3292 410 3351 Philippo
439 3293 653 3338 Polemius
683 3295 844 3339 Silvius
874 3296 1017 3341 latere.
1041 3311 1088 3351 p.
1121 3300 1206 3340 243
1224 3298 1290 3340 M.
1352 3297 1495 3355 Caput
1534 3299 1626 3340 eius
1666 3297 1721 3339 ad
1752 3296 1939 3338 Decium

209 3360 400 3405 delatum
429 3361 571 3406 Victor
600 3363 627 3406 l.
659 3377 693 3406 c.
