2202 3724
282 301 623 337 MEHERDATES
1146 294 1229 335 362
1886 302 2081 338 MELIOR.

283 432 362 473 331
395 430 680 483 Meherdates,
711 427 933 483 Arsacida,
966 429 1159 471 Vononis
1188 428 1314 484 filius,
1347 429 1547 472 Phraatis
1577 444 1710 486 nepos
1745 431 1842 473 Tac.
1870 446 1909 473 a.
1938 434 2007 482 12,
2029 435 2082 474 10

367 499 421 552 cf.
445 502 508 548 11,
534 502 600 548 10,
633 497 758 539 obses
778 497 984 538 Romanis
1006 496 1132 538 datus
1153 498 1209 541 ib.
1232 500 1297 548 11,
1322 500 1389 547 10,
1421 513 1458 541 a.
1482 498 1536 540 49
1567 513 1593 540 a
1612 498 1799 540 factione
1821 499 2081 542 Parthorum

368 568 459 620 regi
482 567 661 610 Gotarzi
692 565 860 607 infensa
890 566 1126 607 accersitus
1157 572 1199 608 et
1228 566 1346 608 iussu
1377 565 1547 609 Claudii
1577 582 1604 608 a
1633 566 1682 611 C.
1705 566 1854 610 Cassio
1885 567 2083 622 praeside

369 634 522 689 Syriae
562 633 617 675 ad
657 632 922 689 Euphratem
964 633 1198 688 deductus,
1242 649 1338 676 cum
1381 634 1608 690 Assyriam
1649 635 1851 677 intrasset
1888 636 2028 677 victus
2058 650 2084 677 a

369 704 555 745 Gotarze
594 702 743 743 vivere
784 700 955 762 iubet-ur
993 701 1170 743 auribus
1213 701 1367 744 decisis
1398 703 1454 744 ib.
1486 706 1555 752 12,
1583 706 1734 745 10-14.
1770 729 1821 733 —-
1855 701 2085 760 Nummum

369 770 547 822 aliquem
569 770 678 824 reglis
699 769 906 819 Parthici,
939 769 985 811 in
1015 784 1093 823 quo
1122 784 1208 812 non
1236 770 1371 812 solum
1400 770 1522 812 solito
1546 785 1661 813 more
1690 784 1838 813 nomen
1856 771 2084 825 proprium

367 852 645 892 suppressum,
674 837 747 880 sed
773 838 870 891 ipSa
898 838 1112 891 scriptura
1124 838 1401 891 pessumdata
1421 842 1525 889 erat,
1556 838 1653 881 huic
1675 839 1920 882 Meherdati
1947 839 2084 881 nescio

365 921 491 960 quam
518 907 654 961 firmis
684 906 732 948 de
763 906 902 948 causis
933 906 1128 948 attribuit
1156 906 1210 948 E.
1244 907 1291 960 Q.
1320 906 1555 949 Viseontius
1585 907 1882 962 ieonoyraphie
1908 921 2086 962 yrecque

366 974 531 1029 [Paris.
553 974 682 1029 1811]
708 975 797 1017 ΙΙΙ
808 989 857 1029 Ρ.
880 978 974 1017 109.

282 1045 364 1086 332
394 1043 665 1085 Meherdates
679 1042 925 1099 (Μεερὸότης
935 1043 1078 1097 Mat),
1093 1042 1357 1099 temporibus
1369 1043 1545 1085 Traiani
1558 1044 1789 1086 Persarum
1801 1059 1890 1099 rex,
1906 1043 2085 1087 Osrhois

367 1111 673 1153 Armeniorum
712 1112 826 1165 regis
865 1110 1023 1165 frater,
1067 1111 1272 1153 Romanis
1312 1110 1474 1152 bellum
1514 1111 1681 1166 intulit3
1728 1127 1826 1154 cum
1866 1113 2086 1167 regionem

367 1179 710 1235 Euphratensem
736 1185 939 1233 vastaret,
972 1194 1026 1220 ex
1049 1194 1156 1235 equo
1179 1179 1338 1221 effusus
1357 1181 1552 1234 graviter
1581 1180 1773 1223 afflictus
1805 1187 2085 1236 mortuusque

369 1254 453 1302 est3
484 1247 684 1289 heredem
716 1248 837 1302 regni
866 1246 1040 1304 reliquit
1062 1247 1366 1290 Sanatrucium
1389 1247 1525 1290 filium
1547 1248 1745 1291 Malatas
1764 1249 1836 1291 lib.
1856 1249 2086 1303 XIp.270

370 1315 430 1357 ed.
447 1315 600 1366 Bonn,
625 1315 740 1369 apud
756 1329 875 1369 quem
886 1315 1024 1369 paulo
1043 1319 1146 1369 post
1166 1314 1233 1369 (p.
1254 1318 1355 1370 274)
1379 1315 1581 1358 laudatur
1603 1316 1822 1359 Arrianus
1843 1315 2085 1373 (Ἀρειανός).

370 1382 472 1425 Oum
501 1384 655 1437 reliqui
684 1386 805 1425 testes
833 1397 969 1437 reyem
989 1383 1248 1426 Parthorum
1274 1385 1528 1438 temporibus
1555 1384 1738 1426 Traiani
1766 1378 1965 1427 Osrhoem
1986 1398 2086 1438 per-

367 1451 560 1502 hibeant,
591 1452 788 1494 narratio
818 1451 939 1493 valde
967 1455 1159 1506 suspecta
1191 1452 1247 1506 (et
1275 1453 1423 1494 merito
1455 1452 1659 1494 damnata
1685 1467 1713 1494 a
1740 1453 2001 1495 Mommseno
2030 1452 2085 1495 R.

373 1520 520 1564 Gesoh.
554 1520 595 1562 V
607 1535 655 1574 p.
677 1523 758 1562 400
787 1523 873 1562 not.
892 1520 959 1574 1);
1001 1534 1127 1573 quam
1167 1523 1306 1562 tamen
1349 1521 1568 1574 confusam
1599 1524 1763 1563 tantum
1792 1521 1956 1563 iudicat
1982 1520 2088 1563 Gut-

368 1588 528 1630 sehmid
557 1587 641 1642 (ap.
674 1587 891 1630 Dierauer
926 1589 971 1630 in
1000 1588 1240 1643 Budinyeri
1278 1588 1519 1632 Untersuoh.
1550 1603 1628 1631 eur
1655 1594 1759 1632 ro'm.
1792 1588 2086 1643 Kaiserqesch.

368 1657 402 1698 I
415 1672 460 1710 p.
485 1660 578 1698 176.
609 1655 707 1710 179)
748 1657 976 1706 coniciens,
1019 1656 1312 1698 Meherdatem
1351 1670 1492 1699 errore
1533 1657 1619 1699 dici
1662 1671 1690 1698 a
1734 1656 1910 1699 Matala
1951 1670 2089 1711 reyem

369 1724 610 1775 Persarum,
623 1725 802 1778 fratrem
818 1724 991 1767 Osrhois
1005 1725 1116 1779 reyis
1126 1724 1232 1766 Arm
1238 1725 1306 1767 eni
1308 1738 1439 1775 orum,
1451 1738 1544 1767 vere
1558 1739 1696 1780 reyem
1706 1725 1838 1779 fuisse
1844 1724 2086 1775 Armeniae,

369 1793 548 1846 fratrem
577 1792 750 1835 Osrhois
779 1793 889 1846 reyis
921 1791 1182 1835 Parthorum
1212 1793 1518 1847 (narrationem
1549 1792 1748 1835 Malalae
1788 1796 1926 1835 tuetur
1962 1793 2089 1835 etiam

369 1860 619 1903 Boissevain
648 1861 794 1904 Herm.
816 1864 873 1905 25
895 1876 942 1916 p.
958 1864 1074 1917 335).
1133 1860 1201 1915 Of.
1232 1861 1354 1915 infra
1383 1862 1457 1904 sub
1489 1861 1657 1905 Osrhoe.
1678 1886 1736 1891 —
1766 1861 1882 1904 Num
1910 1875 2003 1904 vere
2033 1861 2091 1904 ad

369 1927 477 1970 hunc
507 1930 725 1982 pertineat
761 1943 955 1971 nummus
995 1932 1214 1984 aryenteus
1251 1930 1364 1984 reyis
1392 1929 1591 1972 Parthici
1618 1930 1847 1984 inscriptus
1874 1930 2091 1984 scriptura

370 1996 628 2039 Parthorum
656 1997 854 2052 indigena
883 1998 1049 2040 nomine
1073 1997 1354 2040 ‘Matradatis
1382 1998 1524 2052 reyis‘‚
1557 1997 1745 2052 aliusque
1774 2011 1967 2040 nummus
1996 1992 2090 2040 cum

371 2065 510 2107 eodem
540 2067 700 2120 capite,
741 2067 933 2120 sz'ynatus
962 2069 1010 2107 ut
1036 2066 1200 2108 videtur
1229 2080 1340 2108 anno
1371 2065 1690 2109 Seleucidarum
1718 2069 1804 2109 ‚424
1830 2086 1886 2101 =
1905 2081 1954 2120 p.
1985 2065 2088 2109 Chr.

369 2137 496 2176 112s3
526 2134 615 2188 (nee
646 2137 784 2176 tamen
813 2134 880 2176 hic
909 2147 1107 2176 numerus
1138 2135 1303 2177 omnino
1345 2137 1480 2177 certus
1509 2134 1597 2188 3819,
1638 2137 1686 2176 ut
1722 2134 1943 2177 voluerunt
1969 2148 2089 2177 num-

368 2216 530 2244 morum
542 2203 678 2256 periti
698 2202 849 2258 (Percy
877 2202 1078 2245 Gardner
1098 2202 1312 2245 Parthian
1333 2203 1505 2257 eoinaye
1527 2217 1574 2256 p.
1596 2202 1678 2257 55),
1708 2216 1793 2244 non
1813 2202 2087 2256 exploratum.

284 2271 367 2312 333
398 2270 524 2325 Mela,
558 2271 769 2327 equestris
791 2270 964 2325 ordinis,
987 2285 1084 2312 cum
1115 2286 1213 2313 reus
1245 2285 1301 2312 ex
1330 2271 1631 2326 procuratione
1651 2285 1678 2313 a
1698 2270 1872 2313 Tiberio
1894 2271 2088 2327 principe

369 2344 681 2394 accerseretur,
725 2338 866 2381 subito
906 2339 1122 2395 expiravit
1160 2338 1314 2381 hausto
1357 2344 1404 2380 ut
1442 2338 1677 2394 putabatur
1703 2352 1870 2381 veneno
1903 2337 2020 2383 Ptin.
2047 2338 2088 2381 h.

368 2421 408 2449 n.
431 2410 497 2457 19,
519 2410 609 2451 110.

299 2499 356 2504 —
398 2475 458 2517 M.
489 2475 694 2518 Annaeus
725 2475 854 2518 Mela.
881 2473 883 2475 ’

300 2568 356 2573 -
399 2543 560 2586 Fabius
590 2543 719 2588 Mela.

299 2636 355 2640 —
399 2612 660 2668 Pomponius
689 2611 817 2654 Mela.

299 2703 355 2708 —
399 2679 448 2722 C.
481 2680 618 2721 Iulius
651 2679 854 2723 Silvanus
887 2679 1090 2722 Melanio.

285 2748 369 2789 334
398 2747 626 2803 Melaenis,
668 2749 848 2790 Domitii
887 2748 1020 2790 Marsi
1062 2748 1200 2790 amica
1231 2747 1432 2790 Martial.
1459 2750 1496 2798 7,
1519 2751 1589 2798 29,
1611 2750 1651 2790 8.
1701 2747 1907 2790 Fortasse
1935 2760 2089 2790 nomen

371 2816 526 2870 fiotum.

289 2883 371 2925 335
402 2883 537 2926 Melas
560 2883 745 2939 (Μήλαςς
771 2884 952 2937 fortasse
972 2884 1235 2927 scribendum
1255 2883 1426 2940 Μηνᾶς),
1452 2899 1506 2926 ex
1525 2882 1837 2938 megistanibus
1860 2883 2088 2939 (δυνάστης)

373 2951 682 3008 Cappadociae,
713 2953 869 2994 missus
890 2952 944 2995 ab
966 2952 1181 2994 Archelao
1203 2966 1305 3007 rege
1325 2951 1627 3008 Cappadociae
1649 2951 1705 2994 ad
1727 2951 1957 3005 Herodem,
1989 2965 2088 2994 cum

371 3020 440 3062 hic
460 3019 759 3062 Alexandrum
779 3020 928 3075 filium,
959 3035 1168 3075 generum
1197 3020 1413 3076 Archelai,
1444 3021 1657 3063 vinxisset
1684 3019 1886 3075 Iosephus
1913 3023 2000 3063 ant.
2021 3023 2086 3070 16,

371 3091 438 3138 10,
461 3091 498 3130 6.
523 3090 559 3129 7.

301 3180 358 3185 —
403 3155 586 3198 Atedius
619 3155 786 3198 Melior.

299 3248 357 3253 -—
400 3230 443 3274 Q.
473 3228 751 3265 PETRONIVS
783 3230 990 3267 MELIOR.

299 3317 356 3321 --
399 3291 451 3345 Q.
484 3292 710 3333 Petronius
738 3290 905 3335 Melior.

301 3384 357 3389 —
399 3358 652 3402 Umbricius
682 3358 851 3404 Melior.
