2202 3724
138 255 305 292 IVLIVS
1003 250 1086 294 183
1780 258 1950 296 IVLIVS

229 387 322 431 Tib.
359 390 399 431 9.
467 387 522 431 A.
561 388 643 431 748
689 387 966 431 tribuniciam
1009 394 1265 445 potestatem
1308 389 1468 446 accipit
1512 388 1557 430 in
1602 389 1951 447 quinquennium

224 455 311 499 Dio
329 458 395 506 55,
418 459 458 506 9,
490 455 590 501 Vell.
611 458 655 507 2,
678 459 745 507 99,
778 456 895 501 Suet.
923 457 1015 500 Tib.
1038 460 1077 501 9.
1098 460 1164 500 11.
1210 456 1414 500 Rhodum
1442 456 1605 500 secedit
1626 457 1742 501 Suet.
1770 458 1862 501 Tib.
1882 462 1950 510 10,

223 523 312 567 Dio
338 526 404 574 55,
437 527 476 575 9,
509 524 609 569 Vell.
631 529 674 575 2,
700 527 756 568 99
786 525 906 579 (cum
936 524 984 568 C.
1017 524 1181 569 Caesar
1209 525 1462 582 sumpsisset
1491 526 1578 568 iam
1606 525 1778 568 virilem
1808 532 1952 582 togam

225 591 356 646 Vell.).
418 592 598 634 Romam
636 592 766 635 rediit
805 607 918 636 anno
958 593 1130 636 demum
1174 593 1256 637 755
1296 594 1412 637 Suet.
1443 596 1509 645 14,
1549 609 1638 636 non
1676 593 1814 637 multo
1851 602 1952 638 ante

222 660 273 702 L.
295 659 496 703 Caesaris
518 660 684 704 obitum
705 662 811 704 Zon.
832 665 900 713 10,
922 665 989 705 36.
1038 662 1284 719 Adoptatus
1305 661 1361 705 ab
1381 662 1581 718 Augusto
1604 678 1642 706 a.
1664 678 1706 706 u.
1730 678 1767 706 c.
1791 663 1874 707 757
1894 683 1951 700 =

224 744 266 785 p.
297 728 401 773 Chr.
432 729 461 772 4
489 728 531 772 d.
562 730 617 773 26
646 731 742 773 Iun.
773 730 845 784 (27
874 730 968 773 Iun.
997 730 1116 785 Vell.)
1148 730 1249 774 Vell.
1270 735 1314 782 2,
1335 734 1441 783 103,-
1469 732 1578 786 fasti
1605 731 1870 778 Amiternini
1896 733 1951 788 cf.

222 796 336 840 CIL.
358 798 393 840 I
405 812 454 852 p.
472 801 566 849 395,
599 798 726 841 simul
756 805 931 842 coactus
952 798 1260 842 Germanicum
1280 799 1427 842 fratris
1446 799 1582 843 filium
1604 799 1812 857 adoptare
1834 801 1950 844 Suet.

230 866 321 908 Tib.
342 868 408 917 15,
437 865 532 911 Cal.
553 870 592 911 1.
612 870 652 918 4,
690 867 789 909 Tae.
811 882 851 909 a.
872 871 911 918 1,
932 870 971 910 3.
993 871 1032 918 4,
1053 871 1120 918 57,
1144 868 1250 912 Zon.
1271 872 1338 919 10,
1359 871 1414 910 36
1424 882 1438 920 ,·
1456 868 1554 911 inde
1573 868 1709 911 dictus
1729 869 1796 913 Ti.
1815 869 1952 912 Iulius

227 933 390 977 Caesar
429 932 557 987 (Iulii
591 949 744 978 nomen
781 935 939 978 habent
978 936 1094 978 tituli
1118 936 1310 979 Graecus
1348 936 1561 991 Ephesius
1600 952 1669 992 ap.
1706 937 1841 981 Wood
1868 937 1952 980 dis-

225 1004 404 1046 coveries
421 1006 468 1045 at
486 1003 682 1058 Ephesus
700 1004 829 1046 inser.
852 1005 904 1058 of
916 1004 983 1047 the
1002 1004 1266 1059 Auyusteum
1284 1008 1350 1056 11,
1377 1006 1531 1062 Latini
1548 1006 1610 1048 II
1621 1009 1742 1050 1660.
1775 1005 1844 1049 VI
1856 1009 1950 1057 930,

223 1074 333 1114 certe
367 1071 447 1122 hie,
479 1072 663 1126 fortasse
694 1073 822 1114 etiam
851 1072 924 1115 ille
954 1073 1028 1115 diu
1051 1076 1155 1127 post
1182 1076 1358 1116 mortem
1383 1074 1547 1116 Tiberii
1565 1075 1715 1129 positi,
1747 1075 1802 1129 ef.
1822 1075 1951 1118 inser.

222 1141 322 1182 Lat.
353 1139 423 1182 sel.
445 1142 542 1196 161)
568 1140 632 1183 vel
658 1140 725 1183 Ti.
748 1140 910 1184 Caesar
930 1139 955 1193 (
954 1140 1195 1184 Claudiani
1214 1145 1443 1196 praeterea
1473 1143 1714 1197 coynomine
1738 1143 1953 1186 Tiberium

220 1222 343 1251 usum
372 1222 459 1251 esse
489 1223 529 1250 a.
551 1223 601 1263 p.
630 1208 735 1252 Chr.
758 1212 785 1252 6
813 1209 860 1251 in
881 1209 1143 1252 dedicatione
1163 1210 1282 1253 aedis
1298 1210 1490 1253 Castoris
1510 1211 1646 1254 tradit
1666 1211 1755 1254 Dio
1774 1214 1840 1262 55,
1861 1211 1950 1266 27).

224 1277 330 1319 Post
368 1276 645 1333 adoptionem
680 1278 876 1334 protinus
916 1278 1073 1320 missus
1114 1279 1159 1319 in
1201 1278 1481 1322 Germaniam
1520 1278 1621 1323 Vell.
1651 1283 1695 1330 2,
1726 1283 1820 1330 104,
1862 1279 1951 1323 Dio

224 1348 292 1396 55,
312 1348 379 1389 13.
439 1345 562 1389 Bella
591 1345 646 1388 ab
677 1360 726 1388 eo
757 1352 880 1400 gesta
910 1347 956 1388 in
986 1347 1222 1391 Germania
1257 1353 1299 1389 et
1332 1346 1507 1403 Illyrico
1547 1347 1648 1391 Vell.
1678 1351 1722 1398 2,
1754 1352 1835 1391 104
1853 1362 1949 1402 seq„

222 1414 338 1457 Suet.
366 1414 458 1456 Tib.
479 1417 640 1465 16-20,
662 1414 750 1457 Dio
769 1418 835 1466 55,
856 1417 918 1458 28
935 1428 1017 1469 seq.
1047 1417 1113 1466 56,
1136 1419 1194 1458 12
1211 1429 1295 1469 seq.
1334 1415 1389 1460 A.
1409 1431 1451 1458 u.
1473 1431 1509 1458 c.
1534 1416 1615 1459 765
1636 1436 1692 1451 =
1713 1431 1754 1473 p.
1776 1415 1878 1460 Chr.
1899 1418 1951 1459 12

222 1482 507 1539 triumphavit
544 1483 599 1525 de
635 1484 871 1526 Pannoniis
900 1482 1200 1540 Delmatisque
1230 1484 1272 1528 d.
1306 1485 1358 1527 16
1388 1484 1482 1527 Ian.
1521 1485 1629 1538 fasti
1656 1485 1930 1528 Praenestini
1938 1498 1952 1536 ‚·

226 1551 328 1594 Vell.
347 1554 391 1601 2,
414 1554 523 1603 121,·
551 1551 668 1595 Suet.
695 1552 787 1596 Tib.
808 1554 889 1604 20;
918 1553 1082 1594 nummi
1101 1567 1171 1607 ap.
1192 1552 1354 1595 Eehhel
1374 1556 1400 1596 6
1419 1567 1469 1607 p.
1489 1556 1583 1595 186.
1629 1553 1728 1596 Lex
1755 1552 1845 1595 lata
1873 1567 1952 1609 per

223 1619 422 1662 consules
461 1626 510 1662 ut
542 1621 789 1676 provincias
819 1635 920 1663 cum
949 1620 1149 1675 Augusto
1179 1622 1468 1664 communiter
1497 1621 1820 1664 administraret
1848 1621 1950 1666 Vell.

221 1691 265 1739 2,
287 1691 385 1738 121,
419 1687 539 1733 Suet.
568 1689 661 1731 Tib.
682 1692 753 1734 21.
797 1688 851 1734 A.
875 1689 956 1732 767
987 1689 1192 1732 defuncto
1217 1689 1417 1745 Augusto
1448 1691 1516 1734 Ti.
1538 1690 1700 1734 Caesar
1726 1689 1951 1745 Augustus

222 1756 432 1813 appellari
453 1758 595 1814 coepit
613 1755 735 1810 (raro
753 1759 856 1819 imp.
874 1757 1037 1801 Caesar
1050 1757 1276 1814 Augustus
1291 1759 1346 1813 ef.
1359 1759 1486 1802 inser.
1499 1760 1597 1802 Lat.
1613 1759 1685 1804 sel.
1697 1762 1777 1802 151
1796 1762 1882 1802 not.
1894 1758 1949 1814 1).

225 1824 388 1868 Consul
417 1826 486 1868 ΠΙ
514 1841 554 1868 a.
586 1826 638 1868 18
678 1841 778 1869 cum
808 1827 1069 1871 Germanico
1111 1826 1297 1870 Caesare
1332 1828 1452 1882 fasti.
1513 1827 1676 1870 Consul
1704 1829 1797 1871 1111
1826 1843 1864 1871 a.
1895 1829 1947 1871 21

223 1908 323 1936 cum
361 1893 508 1937 Druso
549 1894 735 1938 Caesare
770 1896 827 1938 ib.
888 1895 1054 1938 Consul
1082 1896 1124 1939 V
1164 1911 1200 1938 a„
1231 1897 1282 1939 31
1327 1911 1427 1938 cum
1464 1897 1516 1939 L.
1546 1895 1670 1939 Aelio
1705 1896 1860 1940 Seiano
1890 1897 1948 1939 ib.

221 1963 423 2005 Decessit
451 1963 492 2005 d.
527 1964 579 2006 16
610 1963 738 2006 Mart.
770 1979 808 2009 a.
839 1964 894 2007 37
930 1964 1029 2009 Tae.
1052 1979 1093 2009 a.
1115 1968 1153 2015 6,
1172 1967 1240 2015 50,
1274 1965 1391 2008 Suet.
1417 1965 1509 2007 Tib.
1534 1968 1598 2015 73,
1630 1965 1720 2008 Dio
1740 1968 1807 2016 58,
1827 1967 1900 2009 28.

76 2039 84 2041 ”
140 2031 217 2074 151
251 2037 314 2073 ΤΙ.
343 2031 547 2086 (IVLIVS)
579 2038 776 2075 CAESAR
806 2033 1056 2077 Germanici
1086 2032 1286 2076 Caesaris
1316 2032 1431 2076 filius
1458 2036 1486 2077 t.
1516 2033 1767 2088 sepulcralis
1785 2034 1949 2076 Romae

221 2113 308 2154 rep.
330 2114 469 2155 prope
496 2101 754 2144 mausoleum
781 2101 968 2157 Auyusti
997 2101 1066 2144 VI
1077 2104 1172 2146 888.
1232 2101 1348 2146 Unus
1387 2117 1438 2144 ex
1471 2102 1608 2144 tribus
1632 2101 1882 2145 Germanici
1909 2105 1950 2145 et

221 2167 492 2223 Ayrippinae
515 2169 621 2224 filiis
638 2171 714 2224 qui
732 2170 912 2225 parvuli
930 2171 1137 2221 obierunt,
1169 2171 1223 2224 cf.
1246 2171 1363 2214 Suet.
1389 2170 1482 2214 Cal.
1506 2174 1543 2221 7,
1574 2174 1702 2213 natus
1719 2174 1768 2213 ut
1786 2171 1950 2213 videtur

220 2237 332 2279 inter
361 2251 496 2280 annos
515 2253 564 2292 p.
593 2238 696 2281 Chr.
717 2242 857 2281 8—10
888 2238 961 2293 (cf.
994 2239 1233 2282 Mommsen
1261 2239 1410 2282 Herm
1431 2243 1484 2281 13
1504 2254 1553 2294 p.
1574 2242 1690 2296 247).

139 2305 220 2347 152
250 2310 314 2347 ΤΙ.
346 2308 550 2361 (IVLIVS)
582 2312 779 2348 CAESAR
809 2307 965 2361 (NERO
977 2306 1019 2361 ?)
1048 2307 1187 2349 Drusi
1208 2306 1407 2350 Caesaris
1427 2314 1470 2349 et
1488 2307 1643 2349 Liviae
1662 2305 1791 2361 filius,
1822 2313 1949 2349 natus

221 2388 310 2416 una
337 2389 438 2416 cum
467 2374 601 2417 fratre
630 2374 812 2430 gemello
845 2374 897 2428 (v.
928 2389 1063 2430 supra
1090 2390 1132 2418 n.
1154 2378 1252 2431 147)
1283 2391 1320 2418 a.
1353 2390 1394 2431 p.
1427 2375 1529 2418 Chr.
1554 2375 1607 2417 19
1643 2375 1741 2418 Tae.
1768 2389 1808 2417 a.
1828 2378 1872 2426 2,
1893 2378 1949 2418 84

220 2441 288 2494 (de
318 2457 430 2485 anno
460 2443 628 2486 dubitat
665 2443 713 2487 O.
745 2443 995 2498 Hirschfeld
1021 2444 1170 2487 Herm.
1199 2447 1270 2495 25,
1301 2447 1411 2487 1890
1441 2459 1489 2499 p.
1515 2446 1597 2486 366
1626 2442 1738 2498 seq),
1770 2442 1949 2502 Τιβέριος

221 2512 528 2568 ἐπικαλούμενος
548 2512 750 2569 Γέμελλος
769 2512 972 2567 Iosephus
992 2516 1080 2555 ant.
1100 2515 1165 2563 18,
1188 2516 1226 2563 6,
1246 2515 1287 2563 8,
1317 2512 1385 2557 Ti.
1408 2512 1570 2555 Caesar
1591 2512 1726 2554 Drusi
1750 2511 1948 2555 Caesaris

221 2579 250 2621 f.
272 2579 342 2623 VI
347 2583 436 2623 892
450 2580 618 2635 (titulus
634 2581 895 2642 sepulcralis,
916 2581 1108 2624 inventus
1129 2581 1187 2623 ad
1204 2581 1460 2623 mausoleum
1469 2580 1684 2636 Auyusffl,
1705 2580 1772 2622 Ti.
1791 2579 1951 2623 Caesar

219 2649 356 2691 Drusi
386 2648 414 2692 f.
441 2649 508 2694 Ti.
530 2649 718 2705 Augusti
744 2664 786 2692 n.
818 2650 909 2692 divi
929 2649 1118 2704 Augusti
1142 2664 1358 2706 pronepos
1389 2649 1564 2699 V7598,
1595 2648 1797 2691 Tiberius
1817 2649 1949 2704 serip-

221 2720 329 2760 tores
349 2717 556 2772 plerique,
597 2717 775 2777 Τιβέριος
808 2718 948 2776 Νέρων
988 2718 1102 2761 solus
1131 2718 1264 2760 Philo
1295 2718 1341 2760 in
1368 2717 1523 2762 Flaec.
1543 2721 1571 2760 4
1590 2732 1639 2772 p.
1660 2720 1759 2760 520.
1814 2717 1950 2760 Pueri

219 2786 309 2828 eius
348 2786 488 2841 imayo
525 2787 572 2829 in
607 2801 776 2829 nummo
817 2800 913 2830 euso
942 2801 982 2831 a.
1010 2790 1080 2837 23,
1114 2801 1182 2841 ap.
1213 2786 1375 2831 Eckhel
1405 2789 1432 2828 6
1457 2801 1506 2841 p.
1535 2789 1645 2837 204,·
1675 2785 1755 2828 alie
1788 2786 1949 2828 nummi

221 2867 314 2896 eum
351 2854 486 2909 ipsius
525 2858 564 2897 et
602 2855 757 2909 fratris
785 2856 1058 2910 imaye'nebus,
1089 2869 1124 2899 v.
1155 2855 1231 2898 sub
1262 2855 1414 2909 fratre.
1470 2854 1674 2897 Tiberius
1707 2869 1814 2896 avus
1848 2869 1946 2896 eum

219 2928 476 2979 aspernatur
505 2929 553 2966 ut
583 2938 639 2965 ex
666 2923 878 2966 adulterio
909 2930 1165 2980 conceptum
1187 2923 1300 2966 Suet.
1330 2923 1422 2966 sz.
1440 2925 1519 2974 62;
1543 2922 1631 2965 Dio
1652 2925 1719 2972 58,
1740 2925 1799 2965 23
1817 2922 1944 2977 [Zon.

218 2994 284 3041 11,
300 2990 364 3046 3],·
383 2990 662 3034 nihilominus
682 2991 807 3034 heres
828 2992 884 3035 ab
906 2991 978 3035 illo
998 2991 1176 3034 relictus
1197 3006 1285 3034 una
1305 3006 1404 3033 cum
1420 2990 1469 3035 C.
1488 2991 1674 3034 Caesare
1695 2991 1944 3034 Germanici

218 3058 306 3100 filio
339 3059 454 3101 Suet.
481 3059 572 3103 Tib.
597 3063 661 3111 76,
691 3060 781 3103 Dio
809 3064 876 3111 59,
898 3064 936 3111 1,
967 3062 1183 3117 particeps
1213 3060 1383 3116 imperii
1414 3059 1590 3102 relictus
1620 3059 1674 3101 ab
1705 3073 1788 3100 avo
1819 3057 1945 3100 Philo

220 3127 296 3182 ley.
328 3127 387 3169 ad
420 3127 520 3172 Gai.
551 3132 579 3171 4
600 3143 650 3183 p.
670 3132 751 3172 549
791 3129 846 3183 cf.
883 3130 931 3171 in
959 3129 1112 3172 Flaee.
1144 3143 1177 3171 e.
1208 3131 1258 3179 3;
1297 3127 1414 3184 quod
1443 3134 1541 3184 post
1569 3133 1751 3169 mortem
1780 3126 1945 3169 Tiberii

221 3196 391 3238 irritum
420 3195 582 3238 factum
613 3196 729 3239 Suet.
757 3196 849 3239 Cal.
870 3200 935 3247 14,
967 3197 1055 3239 Dio
1081 3200 1149 3247 59,
1170 3200 1210 3247 1,
1240 3203 1288 3239 ut
1315 3197 1408 3252 ipse
1439 3195 1640 3238 Tiberius
1670 3193 1947 3250 praeviderat

219 3263 385 3319 Ioseph.
417 3267 504 3308 ant.
531 3266 598 3315 18,
630 3268 667 3315 6,
697 3268 723 3308 9
754 3265 808 3319 ef.
845 3265 944 3308 Tae.
975 3279 1016 3308 a.
1046 3269 1084 3316 6,
1114 3268 1180 3315 46,
1211 3264 1300 3308 Dio
1319 3267 1386 3314 58,
1407 3267 1477 3307 23.
1536 3264 1621 3305 Die
1651 3269 1776 3316 togae
1806 3261 1945 3304 virilis

219 3332 449 3389 adoptatus
478 3347 505 3374 a
534 3332 583 3375 C.
614 3332 799 3376 Caesare
822 3333 939 3377 Suet.
968 3333 1060 3377 Cal.
1082 3336 1145 3388 15,
1177 3332 1266 3376 Dio
1285 3336 1352 3382 59,
1373 3334 1414 3382 8,
1446 3331 1579 3374 Philo
1608 3331 1683 3386 ley.
1706 3330 1765 3373 ad
1784 3329 1944 3374 Gaium
