2202 3724
132 269 351 305 LICINIVS
993 264 1078 307 273
1720 271 1941 308 LICINIVS

302 399 449 443 Salon.
478 399 739 442 Valerianus
771 400 894 445 Caes,
927 402 1089 443 nummi
1122 403 1339 444 commatis
1368 402 1559 445 Romani
1586 402 1750 458 (Cohen
1782 402 1807 445 l.
1838 416 1870 444 c.
1900 417 1942 447 n.

214 473 284 514 23.
310 472 364 511 40
398 468 504 523 cet),
545 469 679 512 Σαλω.
716 468 982 526 Οὐαλεριανὸς
1022 469 1114 513 Kar.
1155 484 1348 513 muamus
1384 470 1836 525 Metropolitanorum,
1873 486 1942 526 ap.

218 538 414 580 Mionnet
433 537 514 580 IV
525 551 573 592 1).
589 540 670 580 340
697 551 739 580 n.
761 540 860 588 842,
892 539 993 595 imp.
1021 538 1166 584 Salon.
1186 538 1448 582 Valerianus
1472 538 1587 594 Aug.
1613 553 1806 582 nummus
1834 554 1943 582 unus

215 606 371 649 alterve
391 606 613 648 Romanus
633 604 719 660 (ap.
743 606 883 649 Cohen
904 606 930 649 l.
953 621 988 652 c,
1006 621 1049 649 u.
1071 611 1144 651 22.
1167 607 1250 662 94),
1273 609 1336 651 αὐ.
1357 609 1408 651 Κ.
1432 608 1657 656 Σαλωνῖνος
1677 607 1944 665 Οὐαλεριανός

213 688 408 719 nummus
433 674 866 729 Temenothyrensium
887 675 1118 730 Phryqiac,
1142 691 1211 730 ap.
1232 676 1442 719 Blanchet
1471 690 1594 719 revue
1622 677 1817 719 numism.
1834 679 1944 719 1893

216 759 264 799 1).
285 747 378 788 457.
438 743 616 798 (Falsus
645 746 705 785 est
736 746 764 785 t.
797 743 1033 798 Nepesinus
1060 744 1186 787 Gru-t.
1206 747 1305 796 275,
1335 747 1362 788 5
1387 765 1442 780 =
1469 745 1551 787 XI
1571 748 1653 788 368
1663 745 1717 799 *).

300 813 408 854 Item
447 811 506 854 ad
532 811 642 853 hunc
673 811 868 854 videntur
896 812 1109 866 referendi
1137 826 1222 855 esse
1251 813 1413 855 nummi
1429 813 1719 856 Alexandrini
1747 814 1944 868 inscmffli

217 881 288 925 [lo.
326 882 386 924 Αι.
419 881 518 937 Κορ.
554 881 626 922 Σα.
660 879 926 937 Οὐαλεριανὸς
963 880 1027 923 ‘cel
1052 879 1307 939 ’Υαλεριανὸς
1336 880 1387 924 Κ.
1425 882 1518 939 Σεβ.
1551 883 1644 924 cus-i
1671 882 1942 936 potissimum

215 964 328 992 anno
365 949 558 992 Gallieni
583 949 770 1003 septimo,
803 962 897 991 cum
931 950 977 991 in
1005 950 1186 992 nummis
1212 951 1323 992 cusis
1350 951 1475 992 annis
1507 950 1699 993 Gallieni
1718 951 1943 1005 prioribus

214 1020 288 1064 Σα.
318 1032 404 1061 non
431 1017 575 1060 adesse
603 1016 737 1059 soleat
766 1017 1030 1072 (Feuardent
1059 1018 1296 1061 collections
1326 1018 1546 1061 Demetrio
1569 1019 1632 1061 II
1645 1033 1693 1073 p.
1711 1021 1797 1062 250
1817 1019 1943 1073 seq.),·

213 1100 467 1142 quamquam
499 1085 655 1127 mirum
690 1089 751 1127 est
777 1099 926 1128 nomen
960 1100 1040 1140 quo
1070 1086 1142 1129 ille
1173 1101 1199 1128 a
1234 1087 1374 1141 fratre
1408 1087 1748 1142 distinguebatur
1778 1087 1942 1130 duabus

213 1159 377 1200 tantum
416 1154 569 1197 litteris
603 1167 843 1209 expressum
877 1167 986 1206 esse;
1019 1158 1059 1197 et
1095 1155 1292 1198 nonnulli
1319 1159 1463 1198 extare
1500 1155 1695 1198 videntur
1734 1157 1861 1198 etiam
1891 1170 1942 1198 ex

213 1225 437 1280 prioribus
457 1223 583 1266 annis
601 1222 795 1266 Gallieni
813 1224 977 1266 nwmmi
995 1237 1087 1266 cum
1109 1225 1182 1267 Σα.
1205 1224 1370 1275 litteris,
1391 1238 1477 1266 non
1497 1224 1631 1266 solum
1651 1238 1702 1266 ex
1720 1227 1847 1275 sexto,
1868 1225 1943 1267 scd

210 1295 350 1344 ctiam,
373 1306 627 1348 quamquam
648 1293 786 1346 pauci
804 1306 855 1334 ex
874 1293 1031 1346 quinto,
1053 1293 1237 1347 fortasse
1255 1307 1366 1336 unus
1386 1294 1515 1335 etiam
1535 1308 1586 1336 ex
1610 1296 1762 1347 quarto
1788 1291 1942 1345 (Coins

213 1363 265 1417 of
276 1361 548 1405 Alexandria
566 1361 613 1403 in
638 1360 705 1403 the
724 1360 894 1404 British
915 1361 1114 1404 Museum
1137 1376 1187 1416 p.
1207 1365 1296 1405 297
1324 1376 1366 1406 n.
1387 1361 1541 1416 2292).
1598 1361 1666 1416 Cf.
1689 1363 1765 1404 sub
1786 1363 1937 1416 fratre.

295 1488 459 1530 Romae
499 1488 667 1530 occisus
701 1503 728 1530 a
761 1487 1055 1543 senatoribus,
1103 1502 1202 1530 cum
1243 1490 1441 1531 nuntium
1483 1487 1538 1530 de
1579 1487 1767 1533 Gallieni
1807 1487 1939 1530 caede

211 1557 479 1613 accepissent
507 1556 564 1610 (a.
589 1556 690 1611 268)
722 1556 921 1599 Zonaras
949 1560 1020 1608 12,
1046 1559 1118 1600 26.

126 1638 211 1682 124
240 1645 281 1680 Ρ.
312 1642 531 1679 LICINIVS
571 1642 853 1679 CORNELIVS
891 1636 973 1691 (vel
1011 1642 1294 1680 CORNELIVS
1335 1638 1574 1692 LICINIVS)
1614 1643 1936 1679 VALERIANVS

212 1712 409 1748 CAESAR
439 1704 627 1750 Gallieni
656 1705 772 1748 filius
801 1708 950 1749 maior.
970 1731 1028 1736 —
1053 1707 1102 1750 P.
1124 1706 1320 1749 Licinius
1342 1706 1571 1750 Cornelius
1603 1706 1685 1760 (vel
1710 1706 1938 1749 Cornelius

210 1775 424 1830 Licinius)
462 1774 722 1818 Valerianus
764 1775 880 1817 tituli
915 1776 1177 1830 nummique,
1212 1776 1266 1830 cf.
1307 1776 1450 1830 infra,
1491 1790 1595 1818 raro
1632 1775 1679 1818 P.
1711 1774 1937 1818 Cornelius

210 1844 422 1899 Egnatius
431 1843 692 1887 Valerianus
707 1844 922 1886 miliarias
931 1844 1101 1887 Sardus
1109 1844 1222 1899 Eph.
1235 1859 1296 1899 ep.
1309 1847 1349 1895 8,
1363 1848 1458 1895 770,
1475 1847 1503 1888 t.
1516 1844 1785 1887 Lebadiacus
1798 1844 1935 1886 Inscr.

212 1913 289 1957 Gr.
311 1916 413 1968 sept.
435 1913 470 1956 I
479 1915 589 1956 3105
618 1913 673 1967 cf.
699 1913 747 1955 P.
773 1912 826 1955 L.
855 1913 1076 1956 Incnatius
1104 1912 1334 1956 Cornelius
1357 1913 1614 1956 Valerianus
1635 1913 1727 1955 III
1745 1912 1791 1956 S.
1809 1916 1938 1964 7608,-

211 1981 439 2025 Cornelius
458 1980 718 2024 Valerianus
749 1981 854 2024 Vict.
883 1982 979 2036 epit.
1009 1985 1081 2033 32,
1113 1981 1338 2026 Gallienus
1369 1983 1512 2024 iunior
1543 1981 1742 2024 Zonaras
1772 1985 1842 2032 12,
1864 1985 1935 2032 24,

115 2061 126 2064 “
209 2050 321 2105 quod
347 2050 642 2105 inscriptiones
668 2064 754 2092 non
783 2050 1038 2105 confirmant
1064 2050 1154 2106 (sed
1175 2051 1358 2104 fortasse
1376 2063 1571 2092 nummus
1589 2049 1936 2093 Antiochensium

210 2119 420 2169 Pisidiae,
462 2133 532 2173 ap.
570 2117 711 2161 Cohen
746 2118 808 2160 ed.
839 2122 872 2162 2
901 2121 929 2160 t.
967 2118 1010 2161 V
1021 2133 1070 2173 p.
1098 2122 1183 2162 529
1212 2133 1254 2161 n.
1286 2122 1368 2161 101
1396 2119 1626 2173 inscriptus
1666 2119 1768 2175 imp.
1809 2118 1934 2161 Caes.

209 2188 260 2230 P.
289 2188 383 2230 Lic.
416 2187 546 2230 Corn.
574 2186 798 2241 Gallien03
826 2201 996 2229 nummo
1026 2187 1356 2238 Perintkiorum,
1389 2202 1458 2242 ap.
1482 2187 1679 2230 DIionnet
1705 2187 1842 2242 suppl.
1872 2188 1934 2230 II

210 2271 259 2311 p.
289 2259 374 2299 433
401 2271 444 2298 n.
473 2259 597 2299 1421.
627 2258 757 2306 1422,
788 2256 862 2309 qui
899 2256 1128 2311 inscriptus
1162 2269 1248 2299 esse
1278 2256 1434 2298 dicitur
1463 2256 1537 2299 Πο.
1567 2257 1687 2299 Λικιν.
1718 2257 1936 2314 Κορνήλιος

209 2326 426 2382 Γαλλιηνὸς
445 2323 576 2378 Καῖσ.,
608 2323 729 2366 nulla
755 2325 1020 2379 auctoritas),
1048 2324 1278 2368 Saloninus
1301 2325 1507 2375 Zosimus,
1538 2324 1648 2366 hunc
1676 2325 1935 2378 confundens

209 2407 301 2436 cum
321 2393 461 2447 fratre
478 2393 641 2435 minore
654 2417 712 2422 -—
726 2393 772 2434 in
794 2392 975 2435 Polemii
997 2392 1127 2436 Silvii
1145 2393 1370 2436 laterculo:
1389 2392 1615 2436 Gallienus
1636 2408 1736 2435 cum
1758 2393 1933 2436 Salonio

209 2468 252 2504 et
283 2461 453 2503 Licinio
492 2459 612 2514 filiis,
650 2474 734 2503 non
764 2463 886 2503 extra
915 2460 1088 2503 dubium
1117 2465 1198 2512 est,
1242 2461 1467 2504 Salonium
1506 2475 1593 2503 esse
1621 2462 1826 2504 maiorem
1857 2475 1934 2513 -—‚·

207 2528 438 2573 Saloninus
459 2530 551 2571 sive
572 2527 800 2572 Gallienus
819 2529 892 2571 vit.
921 2528 1106 2572 Gallien.
1128 2533 1199 2580 20,
1220 2533 1260 2580 3,
1291 2529 1522 2572 Saloninus
1543 2528 1768 2574 Gallienus
1787 2530 1843 2571 ib.
1865 2533 1931 2580 19,

207 2598 284 2641 ubi
306 2597 480 2640 additur
507 2597 578 2640 ‘de
602 2597 730 2640 huius
761 2598 936 2640 nomine
966 2612 1124 2653 magna
1153 2604 1220 2640 est
1245 2597 1518 2653 ambiguitas,
1550 2612 1651 2640 nam
1679 2597 1803 2640 multi
1834 2612 1933 2640 eum

208 2665 478 2721 Gallienum,
507 2665 632 2708 multi
663 2666 917 2710 Saloninum
946 2666 1151 2709 historiae
1178 2666 1494 2724 prodiderunt‘.
1546 2666 1748 2710 Salonini
1784 2681 1933 2709 nomen

209 2735 438 2790 proprium
463 2734 628 2777 videtur
655 2735 788 2789 fuisse
816 2735 953 2789 fratri
979 2736 1137 2778 minori
1159 2733 1231 2790 (cf.
1261 2736 1339 2778 sub
1370 2735 1477 2790 hoc).

292 2804 402 2860 Imp.
434 2802 634 2846 Caesaris
665 2803 714 2846 P.
745 2803 905 2846 Licinii
935 2804 1111 2859 Egnatii
1143 2803 1331 2848 Gallieni
1366 2803 1480 2846 filius
1523 2804 1651 2855 tituli,
1690 2805 1762 2849 vit.
1799 2803 1931 2854 Gall„

208 2871 313 2914 Vict.
344 2870 464 2916 Caes.
479 2905 490 2922 ,
521 2872 641 2923 Zos.,
682 2871 797 2914 filius
836 2873 975 2915 maior
1015 2872 1119 2915 Vict.
1160 2874 1257 2928 epit.
1287 2876 1359 2924 32,
1400 2873 1561 2915 Zonar.
1591 2875 1660 2923 12,
1691 2876 1750 2916 24
1779 2872 1932 2915 collato

208 2955 242 2983 c.
263 2943 333 2984 26.
382 2940 512 2983 Hunc
540 2954 712 2995 quoque,
742 2944 791 2983 ut
818 2941 999 2995 fratrem
1028 2942 1244 2992 minorem,
1274 2945 1424 2984 natum
1454 2955 1539 2984 esse
1575 2940 1776 2984 Cornelia
1807 2941 1931 2984 Salo-

206 3010 325 3060 nina,
356 3009 462 3052 satis
491 3011 670 3052 testatur
696 3008 886 3052 Cornelii
911 3024 1074 3053 nomen.

294 3077 455 3120 Caesar
482 3077 620 3120 factus
649 3078 704 3120 ab
735 3093 816 3120 avo
849 3078 953 3121 Vict.
975 3080 1073 3133 epit.
1092 3081 1164 3130 32,
1195 3094 1222 3121 a
1251 3084 1372 3135 patre
1402 3078 1544 3121 Victor
1570 3077 1704 3128 Caes„
1732 3077 1929 3121 Gallieno

208 3159 429 3188 successor
467 3147 512 3187 in
552 3147 730 3203 imperio
774 3146 946 3190 futurus
986 3147 1184 3190 Zonaras
1222 3151 1301 3198 12,
1341 3150 1412 3190 24.
1480 3147 1727 3201 Augustus,
1768 3145 1931 3188 Caesar

207 3214 432 3269 Augustus
449 3215 612 3256 nummi
631 3215 917 3270 (potissimum
931 3215 1235 3272 Alexandrini)
1252 3215 1446 3270 titulique
1463 3229 1548 3258 non
1568 3216 1665 3257 rari
1689 3213 1759 3267 (cf.
1777 3213 1928 3267 infra),

207 3282 281 3324 sed
307 3283 373 3324 ita
399 3285 448 3324 ut
467 3285 598 3336 patre
625 3283 871 3336 inferiorem
900 3284 1032 3337 fuisse
1061 3287 1102 3326 et
1129 3299 1177 3326 re
1201 3298 1302 3326 vera
1321 3284 1439 3326 intra
1467 3283 1666 3326 Caesaris
1685 3282 1930 3336 diynitatcm

207 3351 439 3393 constitisse
467 3364 553 3393 non
569 3351 754 3394 ·obscure
772 3351 1024 3406 plerumque
1044 3352 1263 3397 indicetur.
1316 3352 1496 3406 Quando
1524 3351 1684 3394 Caesar
1702 3350 1841 3404 factus
1860 3350 1928 3401 sit,

190 3423 469 3458 Proaopographin
486 3422 568 3459 Imp.
587 3423 680 3452 Rom.
715 3423 761 3453 11.
1613 3418 1654 3454 18
