2202 3724
168 313 358 350 OPTIMV
361 314 383 349 S
1034 305 1116 348 437
1771 309 1980 362 ORFITVS

169 445 225 486 84
257 444 500 486 *OPTIMVS
532 443 762 500 proconsul
792 443 923 485 Asiae
955 442 1035 484 sub
1066 442 1202 484 Decio
1234 445 1333 483 acta
1361 441 1501 483 sancti
1530 440 1748 482 cuiusdam
1780 440 1981 489 Maximi,

256 527 324 567 ap.
353 512 545 554 Ruinart
575 515 655 554 act.
687 515 813 553 mart.
846 510 924 563 (ed.
957 510 1081 565 1689)
1103 525 1152 564 p.
1173 514 1274 560 144,
1309 513 1388 552 act.
1422 509 1567 552 Sanct.
1599 522 1725 551 mens.
1752 508 1862 562 Apr.
1894 508 1982 550 III
2024 545 2030 550 .

249 595 298 635 p.
322 584 414 632 740,
445 584 543 622 acta
564 581 696 631 Petri,
719 580 923 622 Andreae
943 583 981 621 et
1001 581 1223 629 sociorum,
1248 593 1317 633 ap.
1338 578 1532 620 Ruinart
1551 591 1598 632 p.
1617 581 1708 627 147,
1732 580 1812 619 act.
1837 576 1982 619 Sanct.

253 662 379 691 mens.
412 649 524 692 Mai.
556 649 645 691 III
668 664 717 703 p.
747 652 840 698 450,
881 652 967 690 tam
1005 648 1107 690 haec
1147 662 1274 701 quam
1311 647 1381 689 ille
1421 647 1565 701 eoeiyui
1601 649 1650 687 ut
1688 645 1794 687 mihi
1820 644 1985 687 violetur

249 719 386 771 pretii
412 718 476 760 vel
506 717 610 759 adeo
639 717 823 768 nullius‚·
852 731 1001 759 nomen
1023 716 1292 770 proconsulis
1326 716 1492 757 omnino
1522 717 1778 768 corruptum.
1837 712 1984 755 Possis

253 787 439 828 conicere
480 786 741 841 appellatum
781 800 872 828 eum
911 786 1043 839 fuisse
1076 785 1274 826 Aristum
1304 808 1356 812 —-
1388 783 1544 825 Flavii
1572 782 1716 824 Aristi
1754 781 1985 836 complures

254 857 351 896 sunt
388 868 523 909 supra
551 854 623 909 (F
648 857 745 897 152.
779 854 874 908 153)
909 880 974 904 -,
1017 857 1055 895 ct
1095 854 1140 895 in
1174 853 1282 894 actis
1312 866 1362 894 esc
1391 851 1556 894 Graeco
1588 852 1634 892 in
1664 851 1870 892 Latinum
1898 863 1984 892 ser-

250 936 411 964 monem
439 922 571 964 versis
602 921 764 963 demum
794 935 886 963 eum
926 922 1087 975 factum
1121 934 1205 962 esse
1245 919 1470 974 Optimum.
1534 917 1862 970 (Proconsulem
1893 932 1984 959 eum

253 991 384 1044 fuisse
404 993 537 1044 putat
565 990 854 1044 Waddinyton
883 990 1015 1044 fastes
1046 990 1116 1031 cles
1139 989 1362 1043 provinces
1394 988 1520 1029 asiat.
1541 1001 1582 1030 n.
1605 990 1686 1028 176
1710 1001 1820 1028 anno
1842 986 1981 1036 250l1‚

253 1060 406 1113 quippe
444 1058 556 1112 quod
585 1073 625 1101 a.
656 1060 814 1102 249l5o
844 1058 1078 1113 proconsul
1107 1058 1242 1099 Asiae
1278 1057 1411 1110 fuerit
1439 1055 1579 1098 Iulius
1609 1054 1820 1097 Proculus
1854 1055 1983 1108 Quin-

255 1127 461 1181 tilianus).

167 1220 225 1225 —-
255 1195 464 1238 Otacilius
495 1195 558 1238 Or
575 1228 700 1238 .....

166 1289 225 1295 —-
254 1270 427 1306 GNAEA
458 1271 573 1306 SEIA
602 1270 870 1305 HERENNIA
901 1270 1176 1305 SALLVSTIA
1206 1269 1395 1304 BARBIA
1426 1267 1650 1303 ORBIANA
1678 1266 1793 1303 AVG.

167 1358 225 1364 —
253 1339 543 1375 HERENNIVS
575 1339 840 1375 ORBIANVS.
1008 1325 1010 1327 ’

174 1402 228 1444 85
260 1401 465 1456 Orbilius,
496 1401 611 1444 filius
641 1403 732 1443 eius
762 1403 835 1458 qui
868 1402 1075 1457 sequitur,
1108 1407 1149 1442 et
1174 1401 1267 1456 ipse
1286 1399 1593 1454 grammaticus
1615 1397 1731 1440 Suet.
1747 1411 1926 1450 yramni.
1949 1400 1989 1439 9.

169 1470 224 1513 86
254 1471 305 1513 L.
339 1470 535 1525 Orbilius
576 1470 775 1527 Pupillus
817 1469 1031 1524 (Orbilius
1071 1467 1271 1525 Pupillus
1301 1468 1417 1511 Suet.
1460 1467 1509 1509 de
1546 1480 1725 1521 qramm.
1757 1469 1783 1507 9
1814 1467 1861 1508 in
1890 1480 1984 1508 con-

254 1543 382 1590 textu,
414 1540 464 1583 L.
497 1539 690 1582 Orbilius
720 1540 778 1582 ib.
814 1540 862 1582 in
888 1539 1048 1589 indice,
1082 1537 1276 1581 Orbilius
1307 1536 1518 1579 Horatius
1555 1539 1595 1577 et
1621 1538 1775 1590 poetae
1806 1534 1929 1576 citati
1958 1548 1986 1575 a

254 1607 403 1662 Suet),
434 1608 767 1650 Beneventanus
808 1614 936 1650 natus
976 1622 1012 1650 c.
1047 1623 1086 1650 a.
1118 1609 1202 1650 642
1234 1622 1271 1648 a.
1304 1621 1345 1647 u.
1378 1620 1427 1659 c.,
1474 1611 1573 1660 post
1608 1603 1808 1645 militiam
1847 1615 1986 1657 gram-

254 1679 460 1729 maticus,
502 1677 603 1719 inde
632 1677 688 1720 ab
716 1693 754 1719 a.
783 1677 863 1719 691
893 1677 1056 1719 Romae
1080 1676 1388 1731 grammaticae
1418 1673 1591 1727 doctor,
1622 1673 1736 1714 vixit
1765 1685 1900 1727 prope
1929 1669 1985 1712 ad

253 1746 533 1787 centesimum
559 1746 712 1788 aetatis
741 1760 901 1788 annum
933 1745 1050 1789 Suet.
1081 1745 1130 1787 de
1157 1758 1336 1799 yramm.
1368 1747 1408 1793 9,
1439 1756 1560 1796 quem
1590 1742 1642 1794 cf.
1716 1740 1988 1783 Memoratur

257 1814 385 1855 etiam
416 1813 465 1856 dc
488 1829 667 1868 yramm.
698 1818 738 1857 4.
766 1817 806 1857 8.
837 1817 904 1864 19,
937 1817 975 1856 et
1006 1815 1058 1856 ab
1089 1813 1275 1856 Horatio
1306 1827 1367 1867 ep.
1398 1814 1441 1861 2,
1471 1815 1509 1861 1,
1537 1813 1613 1861 71,
1647 1808 1876 1852 Macrobio
1904 1810 1984 1849 sat.

258 1884 302 1932 2,
333 1885 371 1932 6,
402 1886 442 1924 4.

171 1950 250 1992 862
268 1949 444 2005 Orbius,
476 1965 698 2007 possessor
722 1951 878 1994 Horat.
900 1966 962 2006 ep.
985 1955 1027 2001 2,
1052 1954 1095 2001 2,
1118 1953 1211 1992 160.

105 2065 114 2067 -
172 2019 226 2061 87
259 2018 422 2062 Orbius
453 2020 702 2074 Laetianus,
735 2020 1062 2077 subpracfectus
1093 2018 1277 2073 vigilum
1307 2033 1345 2061 a.
1380 2018 1455 2059 191
1495 2016 1563 2058 VI
1584 2019 1663 2058 414
1676 2016 1714 2057 b.

172 2112 230 2118 -—
262 2093 516 2130 CORNELIA
546 2094 838 2131 ORESTILLA.

172 2181 230 2186 —
259 2162 410 2197 FABIA
441 2163 734 2199 ORESTILLA.

161 2247 231 2254 ·-—-
260 2231 399 2266 LIVIA
428 2231 724 2268 ORESTILLA.

174 2317 231 2322 —
260 2299 302 2335 P.
334 2300 492 2335 SCIPIO
525 2300 815 2338 ORESTINVS.
1549 2333 1554 2336 .

174 2362 230 2404 88
255 2368 304 2404 .C.
326 2368 560 2405 ORFIDIVS
583 2369 836 2405 BENIGNVS
866 2361 1145 2417 (praenomen
1167 2376 1216 2403 ea:
1237 2365 1266 2403 t.
1288 2362 1410 2415 infra
1431 2358 1576 2413 citato)
1607 2358 1774 2412 legatus
1804 2355 1986 2409 legionis

260 2432 426 2487 primae
462 2431 701 2474 Adiutricis
742 2433 786 2473 in
822 2445 972 2488 pugna
1011 2430 1288 2478 Bedriacensi
1330 2430 1498 2472 occisus
1543 2427 1642 2470 Tac.
1670 2425 1709 2467 h.
1740 2427 1784 2475 2,
1815 2427 1880 2467 43.
1911 2425 1964 2465 45
1975 2436 1988 2473 ;

262 2500 382 2542 Plut.
413 2500 519 2543 Otho
549 2503 619 2542 12.
679 2500 790 2542 Eius
819 2503 866 2542 ut
890 2500 1055 2542 videtur
1083 2512 1225 2542 servus
1252 2498 1422 2548 vilicus,
1464 2498 1510 2538 in
1545 2500 1572 2539 t.
1603 2509 1690 2549 rep.
1730 2491 1988 2547 Capestrani

261 2570 307 2611 in
337 2583 442 2623 ayro
472 2568 747 2620 Vestinorum,
780 2568 951 2611 Notizie
979 2571 1089 2610 1894
1110 2583 1158 2622 p.
1182 2570 1277 2611 407.
1552 2565 1556 2569 ’

175 2638 230 2680 89
262 2637 430 2681 Orfidia
468 2637 675 2679 Procula:
718 2638 808 2679 eius
848 2652 1000 2679 servus
1041 2636 1312 2692 dispensator
1347 2635 1426 2677 IX
1451 2636 1564 2676 3378
1593 2636 1620 2676 t.
1649 2646 1737 2686 rep.
1768 2631 1814 2672 in
1845 2628 1988 2671 eadem

261 2706 441 2760 reyione,
473 2706 519 2747 in
544 2720 630 2759 qua
659 2708 686 2747 t.
713 2705 823 2748 servi
849 2704 894 2748 G.
926 2705 1083 2760 Orfidii
1101 2704 1288 2758 Beniyni
1306 2704 1379 2757 qui
1401 2700 1650 2757 praecedit,
1668 2713 1760 2741 cum
1786 2702 1864 2752 quo
1885 2696 1988 2738 haec

260 2773 488 2828 parentela
515 2774 679 2816 videtur
708 2775 840 2828 fuisse
868 2774 1120 2816 coniuncta.-

177 2866 235 2872 --
265 2848 305 2884 C.
338 2848 503 2884 IVLIVS
537 2848 812 2885 COMMODVS
844 2848 1160 2886 ORFITIANVS.

179 2910 234 2951 90
265 2914 475 2952 ORFITVS
517 2910 779 2954 clarissimus
818 2911 908 2965 vir,
951 2926 1062 2953 unus
1104 2926 1158 2952 ex
1197 2910 1362 2952 maritis
1391 2907 1614 2961 Vistiliae,
1652 2905 1800 2947 matris
1843 2898 1985 2944 Suillii

263 2977 372 3031 Rufi,
407 2977 676 3033 Corbulonis,
710 2979 946 3022 Caesoniae
977 2979 1094 3021 Plin.
1122 2979 1161 3023 h.
1182 2977 1232 3021 n.
1249 2982 1285 3029 7,
1306 2981 1373 3020 39.

179 3045 230 3086 91
265 3051 475 3088 ORFITVS
506 3047 755 3090 Domitiano
787 3055 1010 3104 suspectus
1036 3062 1247 3090 novarum
1267 3061 1413 3088 rerum
1435 3052 1477 3088 et
1498 3046 1542 3086 in
1564 3042 1750 3085 insulam
1772 3038 1986 3091 relegatus

266 3112 557 3156 Philostratus
586 3116 657 3159 vit.
687 3116 887 3171 Apollon.
922 3119 949 3158 7
972 3130 1004 3160 c.
1031 3119 1060 3158 8
1090 3119 1128 3158 et
1156 3119 1222 3158 33.
1252 3118 1280 3157 8
1305 3129 1338 3157 c.
1363 3118 1399 3165 7,
1421 3118 1487 3156 10.
1546 3111 1666 3155 Idem
1693 3108 1858 3150 videtur
1889 3104 1987 3148 Sal-

267 3181 457 3224 vidienus
485 3182 644 3238 Orfitus
674 3188 927 3227 memoratus
958 3199 986 3226 a
1016 3185 1130 3228 Suet.
1162 3184 1287 3227 Dom.
1314 3187 1379 3233 10,
1413 3184 1466 3235 cf.
1499 3181 1573 3223 sub
1604 3179 1692 3221 hoc.

181 3249 237 3291 92
267 3255 475 3292 ORFITVS
515 3251 757 3307 praefectus
796 3252 914 3307 urbi,
959 3253 1015 3295 ab
1053 3253 1273 3295 Antonino
1314 3253 1392 3293 Pio
1434 3261 1720 3292 successorem
1756 3243 1910 3300 petivit
1945 3247 1988 3282 et

271 3317 519 3374 impetravit
546 3321 616 3361 vit.
650 3319 725 3362 Pii
754 3323 794 3371 8,
822 3324 859 3362 6.
917 3321 1064 3363 Iudice
1094 3321 1326 3375 Boryhesio
1355 3333 1440 3361 non
1471 3318 1563 3360 Ser.
1593 3313 1811 3359 Cornelius
1842 3310 1987 3364 Scipio

195 3425 198 3428 .
270 3385 533 3431 Salvidienu‘
569 3387 728 3442 Orfitus
758 3388 901 3431 consul
930 3403 967 3432 a.
1000 3392 1091 3439 149,
1123 3389 1197 3430 sed
1226 3388 1318 3431 Ser.
1351 3388 1496 3441 Scipio
1528 3383 1798 3429 Salvidienus
1827 3380 1988 3438 Orfitus
