2190 3724
233 300 425 336 GRATVS
1093 294 1175 336 124
1738 301 2031 338 HADRIANVS

317 430 445 472 huius
477 430 647 472 Iudaeis
679 428 891 470 seditiosis
921 429 1078 470 restitit
1093 428 1295 482 Iosephus
1317 428 1408 471 bell.
1426 433 1468 480 2,
1488 432 1527 480 3,
1549 433 1588 472 4.
1618 444 1650 474 c,
1671 434 1710 481 4,
1732 434 1775 475 2.
1795 434 1834 475 3.
1867 444 1900 475 c.
1922 433 1961 482 5,
1982 435 2036 483 2;

318 501 405 540 ant.
428 502 491 547 1'7,
514 501 578 547 10,
600 500 638 540 3.
661 499 698 538 6.
724 500 760 538 7.
783 499 821 540 9.

237 566 314 608 147
347 581 458 608 ....s
490 566 651 608 Gratus
682 571 936 620 procurator
963 563 1151 619 Augusti
1184 564 1378 621 (Alpium
1412 566 1694 622 Graiarum?)
1724 566 1832 609 XII
1842 570 1964 610 5717.

245 658 302 665 ’-
350 633 480 676 Iulius
512 634 687 676 Gratus

245 726 301 731 m
346 702 393 743 L.
425 700 561 743 Iulius
592 699 819 754 Veh[ili]us
854 690 1045 754 Gr[atus]
1076 699 1282 742 Iulianus.

244 794 302 800 —-—
345 769 563 811 Munatius
595 769 768 812 Gratus.

244 862 301 867 —
344 844 389 879 L.
420 843 701 878 POMPONIVS
725 837 941 880 'GRATVS.

342 905 541 947 Valerius
573 905 748 948 Gratus.

343 980 554 1015 VETTIVS
587 979 793 1015 GRATVS.

343 1048 384 1084 C.
415 1048 628 1083 VETTIVS
660 1047 853 1082 GRATVS
885 1047 1196 1085 SABINIANVS.

346 1116 388 1153 C.
418 1116 628 1151 VETTIVS
661 1115 853 1151 GRATVS
884 1115 1094 1151 ATTICVS
1127 1115 1441 1151 SABINIANVS.

244 1204 300 1208 -—
345 1179 576 1234 Pompeius
608 1178 846 1234 Grosphus,

235 1247 314 1290 148
347 1246 547 1302 Gryllus:
581 1248 671 1288 eius
692 1246 847 1288 balnea
868 1246 1096 1288 tenebrosa
1117 1254 1324 1288 memorat
1347 1247 1573 1289 Martialis
1593 1250 1631 1297 1,
1652 1250 1720 1297 59,
1740 1250 1790 1297 3,·
1815 1250 1858 1296 2,
1880 1249 1944 1296 14,
1967 1248 2037 1289 12.

243 1341 299 1345 -
344 1321 550 1357 PLOTIVS
583 1321 790 1358 GRYPVS.

243 1409 301 1413 —
344 1390 387 1427 L.
419 1389 626 1425 PLOTIVS
655 1389 860 1427 GRYPVS.

244 1478 301 1482 -—
344 1457 384 1493 C.
416 1457 694 1493 VOLOACIVS
726 1457 935 1494 GVRGES.

242 931 301 1141 1111

1097 1720 1179 1797 Η

230 1890 288 1895 --
315 1872 360 1909 L.
391 1871 653 1907 HOSTILIVS
683 1872 752 1906 HA
773 1898 895 1909 .....
1980 1919 1984 1920 ⁷

261 1935 281 1976 1
316 1933 500 1976 Hababa
532 1933 706 1988 (Ababa
734 1934 797 1976 vel
826 1933 976 1976 Abara
1006 1933 1164 1975 codices
1184 1934 1404 1988 Iordanis)
1434 1940 1572 1976 mater
1602 1935 1829 1978 Maximini
1861 1937 2040 1991 impera-

317 2003 420 2044 toris
450 2003 520 2044 vit.
554 2002 785 2044 Maximin.
807 2005 844 2052 1,
867 2004 893 2043 6
923 2000 1036 2053 (inde
1057 2001 1214 2055 pendet
1239 2002 1447 2044 Iordanes
1474 2002 1567 2045 Get.
1590 2006 1654 2053 15,
1675 2003 1759 2057 83).

229 2095 287 2099 --
315 2078 361 2114 Α.
390 2076 556 2111 VIBIVS
588 2076 816 2112 HABITVS.

260 2141 285 2180 2
315 2144 606 2179 HADRIANVS
637 2139 705 2179 vir
735 2137 971 2180 consularis
1003 2137 1234 2195 (Ῥωμαίων
1258 2139 1432 2194 ὕπατος),
1467 2139 1644 2181 auribus
1675 2145 1824 2195 eaptus
1853 2138 2042 2180 Galenus

315 2207 404 2248 III
418 2221 464 2260 p.
486 2209 566 2248 895
595 2206 762 2250 Kuehn.

259 2277 310 2317 2ίὶ
338 2280 629 2316 HADRIANVS
673 2273 901 2330 proconsul
933 2273 1064 2316 Asiae
1105 2274 1183 2316 sub
1215 2274 1402 2316 Traiano
1444 2281 1543 2316 ante
1585 2290 1622 2318 a.
1657 2275 1739 2317 114
1773 2275 1934 2317 nummi
1963 2273 2041 2329 (vel

316 2344 464 2397 potius
502 2356 717 2392 nummus,
758 2356 859 2384 nam
899 2355 1092 2384 nummus
1122 2346 1146 2383 1
1178 2342 1501 2396 Waddinytonii
1537 2357 1622 2385 non
1660 2343 1846 2385 diversus
1879 2342 2042 2384 videtur

318 2425 403 2453 esse
433 2425 460 2452 a
489 2425 656 2452 nummo
687 2410 733 2465 2)
762 2411 1116 2465 Thyatirenorum
1137 2411 1300 2464 Isydiae
1322 2425 1388 2465 ap.
1413 2411 1699 2465 Waddinytcm
1724 2411 1856 2465 fastes
1883 2425 1924 2455 n.
1946 2413 2040 2452 117.

319 2479 447 2531 (Cum
476 2480 526 2529 is,
559 2479 608 2521 de
635 2494 715 2532 quo
745 2479 859 2522 solus
889 2482 1062 2529 constat,
1093 2493 1286 2521 nummus
1317 2480 1503 2522 incertae
1534 2479 1723 2522 lectionis
1752 2480 1819 2530 sit,
1859 2493 1946 2521 rem
1975 2479 2040 2520 in-

318 2550 473 2588 certam
504 2560 587 2589 esse
618 2547 667 2589 de
696 2547 927 2590 Hadriano
949 2547 1202 2601 proconsule
1229 2551 1367 2589 monet
1396 2547 1601 2604 Pickius).

260 2615 285 2657 3
317 2614 943 2670 (AVRELIVS?)HADR1ANVS
967 2616 1023 2661 M,
1043 2615 1208 2657 Aurelii
1227 2615 1435 2657 Antonini
1454 2615 1638 2670 Augusti
1660 2615 1772 2657 filius
1789 2619 1817 2660 t.
1830 2615 2040 2669 Ephesius

314 2682 437 2725 CIG.
459 2685 572 2726 2968
593 2703 648 2717 =
670 2684 808 2726 Lebas
827 2687 865 2734 3,
887 2686 967 2726 153
998 2684 1042 2738 (t.
1065 2684 1249 2725 incertae
1280 2684 1456 2738 oriyinis
1483 2683 1605 2728 OIG.
1626 2687 1736 2726 3709
1765 2697 1850 2726 non
1877 2683 2041 2725 videtur

319 2751 504 2793 diversus
526 2751 640 2806 esse).
683 2751 855 2794 Videtur
875 2752 1095 2806 defunctus
1117 2765 1203 2794 esse
1222 2752 1382 2805 infans,
1415 2753 1612 2805 quoniam
1643 2752 1752 2794 alibi
1778 2765 1863 2794 non
1889 2765 2040 2793 memo-

316 2822 452 2862 ratur.

260 2888 287 2930 4
318 2887 587 2941 Hadrianus,
615 2887 842 2943 sophista,
884 2889 1001 2943 Tyro
1044 2888 1274 2942 oriundus,
1311 2887 1483 2930 auditor
1513 2888 1700 2930 Herodis
1730 2888 1863 2930 Attici
1894 2887 2039 2930 Philo-

319 2958 479 2996 stratus
507 2956 578 2999 vit.
600 2955 716 3010 soph.
738 2959 780 3006 2,
803 2959 867 2998 10.
918 2956 1080 2998 Romae
1110 2962 1308 2998 versatur
1339 2971 1425 2997 una
1456 2971 1553 2998 cum
1573 2955 1727 2998 Flavio
1748 2956 1911 2998 Boetho
1942 2971 2040 2998 eon-

319 3023 449 3065 sulari
480 3038 503 3064 e
533 3022 799 3065 Ptolemaide
831 3024 947 3078 (ante
979 3039 1016 3067 a.
1050 3024 1161 3078 167),
1204 3023 1393 3065 nondum
1434 3024 1693 3065 rhetoricam
1731 3023 1904 3080 publice
1944 3038 2038 3080 pro·
2121 3069 2129 3082 ¹

318 3091 455 3133 fessus
483 3090 673 3134 Galenus
692 3091 771 3133 XI
778 3091 818 3133 V
822 3106 868 3145 p.
891 3095 987 3135 627.
1012 3095 1094 3135 629
1117 3091 1284 3133 Kuehn.
1331 3091 1513 3134 Athenis
1534 3091 1780 3134 cathedram
1802 3092 2040 3134 rhetoricae

319 3159 548 3214 obtinebat,
573 3174 670 3201 eum
690 3160 864 3202 Marcus
890 3161 1121 3216 imperator
1138 3175 1186 3201 eo
1202 3161 1369 3202 veniret
1383 3161 1685 3215 mysteriorum
1702 3175 1832 3202 eausa
1848 3161 1904 3214 (a.
1919 3161 2039 3215 176);
2065 3174 2068 3180 ·

319 3234 464 3283 postea
485 3228 665 3270 Romam
687 3227 919 3270 translatus
942 3230 1171 3285 (κατασχὼν
1190 3230 1254 3270 καὶ
1274 3229 1339 3270 τὸν
1361 3229 1443 3271 ἄνω
1464 3229 1622 3286 θρόνον)
1645 3229 1790 3285 ibique
1809 3228 2038 3271 defunctus

318 3310 452 3337 annos
481 3302 607 3338 natus
637 3295 727 3338 fere
758 3297 986 3351 octoginta,
1020 3311 1118 3338 eum
1149 3295 1291 3352 paullo
1322 3302 1422 3338 ante
1452 3297 1691 3351 aegrotanti
1718 3297 1756 3338 ei
1778 3295 2039 3339 Commodus

317 3363 504 3405 dedisset
525 3363 741 3406 codicillos
762 3364 919 3421 quibus
940 3379 1037 3407 eum
1058 3365 1160 3407 fecit
1189 3364 1271 3406 sibi
1301 3364 1355 3407 ab
1386 3365 1592 3420 epistulis,
1623 3379 1721 3407 eum
1753 3365 2030 3407 excusatione
