2202 3724
104 233 273 270 IVLIVS
974 227 1051 270 191
1751 233 1890 268 IVLIV

192 362 250 405 ad
273 362 389 407 Trai.
409 365 475 406 87.
526 363 763 406 Proconsul
784 363 915 406 Asiae
934 364 1105 414 nummi,
1137 379 1175 406 a.
1200 364 1280 405 116
1310 370 1385 405 aut
1417 363 1496 406 117
1527 376 1636 405 unus
1666 378 1716 406 ex
1735 365 1917 406 nummis

192 433 280 486 (ap.
311 431 598 486 Waddinyton
626 436 669 483 1,
703 436 818 475 extat
847 433 975 475 etiam
1011 433 1058 474 in
1095 445 1199 474 mus.
1228 431 1513 486 Berolinensi)
1554 432 1750 475 exhibens
1789 435 1916 487 caput

196 500 380 543 Traiani
416 514 509 543 cum
537 501 813 556 inscriptione
845 501 908 543 αὐ.
939 500 1031 544 Και.
1068 500 1165 558 Νερ.
1197 499 1381 558 Τραιανο.
1413 501 1506 558 Σεβ.
1540 500 1664 558 Ἀρισ.
1696 502 1787 559 Γερ.
1816 502 1914 544 Δακ.

191 568 294 627 Παρ.
323 594 379 598 -
410 569 630 611 Incertum
661 584 765 612 num
794 569 909 611 idem
940 570 1085 612 Ferox
1115 569 1170 612 ad
1200 584 1329 626 quem
1359 570 1530 626 scripsit
1559 570 1677 612 Ptin.
1707 585 1769 624 ep.
1790 573 1828 621 7,
1850 574 1914 613 13.

105 637 189 680 203
218 638 422 693 IVL(IVS)
442 644 629 681 FESTVS
659 640 728 681 vir
757 638 1031 694 clarissimus,
1058 645 1232 695 praetor
1252 638 1443 681 urbanus
1475 638 1543 681 VI
1554 642 1669 683 314⁶.
1711 638 1918 681 Fortasse

189 707 298 750 vnxit
337 707 502 750 ineunte
535 707 697 750 demum
731 711 883 762 quarto
905 723 953 762 p.
982 707 1087 752 Chr.
1118 707 1309 758 saeculo,·
1347 707 1484 749 iudice
1511 707 1665 750 Rossio
1696 711 1827 762 pater
1855 707 1918 750 vel

191 789 294 818 avus
314 776 424 818 Iulii
441 776 565 819 Festi
582 776 775 831 Hymetii
801 777 957 819 vicarii
983 777 1104 819 urbis
1134 789 1245 818 anno
1266 778 1352 818 362
1372 775 1478 831 (cod.
1506 776 1661 820 Theod.
1683 779 1748 827 11,
1770 779 1838 827 30,
1858 779 1916 819 29

192 845 246 898 cf.
275 844 321 888 Ο.
355 845 423 888 VI
435 847 574 902 1736).

105 914 190 956 204
219 919 315 956 TIB.
346 914 550 969 IVL(IVS)
580 919 769 956 FESTVS
809 912 979 968 legatus
1009 912 1200 955 Moesiae
1241 912 1316 955 inf.
1357 913 1438 955 sub
1468 912 1720 955 Alexandro
1758 913 1920 955 nummi

191 981 710 1036 Marcianopolitanorum
735 995 827 1024 cum
848 982 985 1036 capite
1004 980 1248 1023 Alexandri
1267 981 1484 1036 (Mionnet
1504 981 1551 1024 S.
1575 982 1609 1029 I
1610 982 1639 1023 I
1650 985 1743 1032 104,
1765 985 1914 1025 294-

188 1052 282 1101 106,
304 1053 410 1101 304,-
443 1050 585 1092 Leake
613 1050 777 1104 Europ.
810 1049 961 1104 Suppl.
983 1064 1030 1104 p.
1052 1052 1132 1092 133
1141 1062 1155 1101 ,·
1180 1049 1295 1091 Brit.
1328 1050 1443 1092 Mus.
1466 1064 1514 1104 p.
1533 1053 1600 1100 36,
1623 1053 1820 1101 68-37,
1844 1054 1920 1102 73;

191 1118 310 1161 Mus.
343 1118 488 1160 Berol.
525 1118 652 1160 catal.
687 1132 841 1162 numm.
873 1118 908 1160 I
919 1132 969 1172 p.
1000 1121 1064 1168 66,
1093 1120 1149 1160 53
1157 1116 1280 1172 -56),
1314 1117 1511 1160 adiuncto
1540 1118 1752 1160 interdum
1782 1120 1920 1174 capite

191 1187 371 1230 Maesae
391 1186 606 1242 (DIi'onnet
626 1186 673 1230 S.
689 1187 752 1229 II
762 1190 858 1237 107,
878 1189 1135 1237 312-108,
1155 1189 1260 1238 315,·
1288 1187 1431 1229 Leake
1450 1187 1614 1241 Europ.
1627 1202 1675 1241 p.
1694 1191 1759 1238 69,
1782 1188 1917 1243 suppl-

189 1270 239 1311 p.
265 1258 369 1307 133;
397 1255 511 1298 Brit.
545 1255 661 1298 Mus.
685 1270 732 1310 p.
754 1258 822 1306 38,
854 1258 933 1307 79,·
973 1255 1090 1299 Mus.
1121 1254 1265 1298 Berol.
1298 1255 1426 1297 catal.
1457 1269 1612 1298 numm.
1640 1256 1674 1298 I
1688 1271 1736 1310 p.
1758 1259 1825 1307 67,
1847 1258 1918 1314 59)

190 1324 254 1367 vel
285 1324 514 1367 Mamaeae
544 1324 760 1379 (Mionnet
787 1324 834 1367 S.
864 1324 927 1366 II
947 1326 1042 1374 108,
1072 1327 1156 1366 317
1164 1337 1179 1375 ;
1214 1324 1330 1366 Mus.
1369 1323 1512 1366 Berol.
1544 1324 1671 1366 catal.
1701 1339 1855 1369 numm.
1885 1325 1920 1367 I

188 1408 230 1448 Ρ.
261 1395 327 1444 68,
355 1395 439 1450 60),
470 1393 669 1448 inscripti
705 1392 904 1435 habentes
943 1393 991 1435 in
1018 1395 1149 1447 parte
1188 1406 1338 1435 aversa
1377 1394 1442 1435 ὑπ.
1482 1392 1568 1452 Τιβ.
1601 1392 1715 1436 Ἰουλ.
1746 1394 1919 1451 Φήστου.

191 1462 385 1504 Moesiae
414 1462 658 1517 praefuisse
687 1461 875 1513 Festum,
916 1462 1016 1504 item
1051 1461 1159 1504 alios
1197 1461 1422 1504 nonnullos
1448 1461 1673 1516 praesides
1711 1466 1833 1505 notos
1871 1477 1922 1505 eoe

188 1531 371 1574 nummis
402 1531 922 1586 Marcianopolitanorum
947 1528 1124 1583 (Iulium
1152 1530 1431 1581 Gaetulicum,
1463 1530 1561 1573 Fir.
1593 1531 1918 1586 Philopappum‚

190 1599 268 1643 Um
287 1633 412 1643 .....
439 1600 772 1655 Tereventinum)
803 1603 1029 1654 antequam
1047 1599 1296 1642 Alemander
1326 1600 1493 1642 duceret
1519 1599 1767 1650 Orbianam,
1794 1603 1925 1655 putat

190 1668 297 1711 Pick
327 1667 524 1722 (Wener
541 1670 736 1713 numism.
760 1668 963 1711 Zeitschr.
993 1672 1052 1712 23
1071 1683 1120 1724 Ρ.
1140 1671 1225 1725 39),
1250 1671 1480 1723 propterea
1499 1668 1612 1723 quod
1635 1669 1746 1711 nulli
1772 1669 1922 1711 horum

189 1737 461 1780 inveniuntur
487 1739 651 1780 nummi
679 1751 772 1780 cum
802 1738 940 1792 capite
968 1737 1199 1789 Orbianae‚
1231 1737 1376 1780 dubito
1405 1751 1506 1779 num
1532 1740 1654 1780 recte.

105 1807 189 1849 205
219 1805 358 1849 Iulius
386 1806 524 1849 Fidus
552 1806 714 1863 Aquila
751 1805 828 1860 (sic
858 1810 885 1850 t.
915 1806 1137 1858 Siccensis,
1167 1807 1311 1853 Φεῗδος
1342 1805 1514 1853 Ἀκύλας
1544 1809 1572 1848 t.
1603 1805 1920 1861 Aeyyptiacus),

194 1876 479 1932 epistrategus
508 1875 756 1918 Thebaidos
785 1876 1052 1932 temporibus
1081 1875 1296 1917 Hadriani
1330 1878 1357 1917 t.
1384 1875 1672 1930 Aeyyptiacus
1704 1875 1803 1919 bull.
1827 1874 1921 1918 dell’

194 1944 302 1987 Inst.
324 1944 440 1987 arch.
461 1947 570 1988 1866
591 1959 639 2000 Ρ.
660 1947 741 1987 151
762 1945 847 2002 (1),·
875 1945 1001 1987 fratri
1023 1944 1077 1998 Q.
1098 1943 1209 1987 Iulio
1241 1943 1290 1987 O.
1312 1943 1341 1986 f.
1363 1944 1550 2001 Aquilae
1575 1943 1747 1986 titulum
1779 1945 1923 2000 posuit

132 2020 145 2022 ”
194 2012 344 2056 Siccae
372 2013 588 2056 Veneriae
618 2017 646 2058 t.
670 2013 880 2057 Siccensis
910 2013 1035 2056 VIII
1057 2013 1104 2056 S.
1126 2015 1278 2056 15872.

108 2081 191 2124 206
220 2087 317 2124 ΤΙΒ.
347 2081 545 2137 IV[LIVS]
576 2088 854 2124 FLACCINVS
884 2081 1054 2137 legatus
1093 2081 1209 2136 Aug.
1247 2095 1325 2138 pro
1362 2096 1427 2137 pr.
1466 2082 1715 2137 provinciae
1755 2082 1920 2125 Daciae

187 2151 311 2204 titul-i
340 2151 764 2207 Sarmizeyetusensis
792 2150 882 2194 III
896 2154 1015 2202 1461,
1047 2150 1278 2206 Apulensis
1307 2151 1399 2193 III
1422 2150 1469 2194 S.
1493 2153 1613 2193 7768.

108 2219 190 2262 207
223 2226 265 2263 C.
276 2226 442 2263 IVLIVS
457 2226 679 2263 FLACCVS
695 2226 949 2262 AELIANVS
971 2219 1138 2274 legatus
1154 2234 1232 2276 pro
1248 2234 1313 2276 pr.
1332 2218 1635 2275 Cappadociae
1655 2219 1736 2262 sub
1759 2220 1921 2262 Severo

195 2294 238 2330 et
248 2288 474 2332 Caracalla
488 2304 526 2333 a.
541 2289 622 2331 198
636 2288 837 2331 milliarii
853 2287 1152 2343 Cappadociae
1165 2288 1270 2343 (III
1278 2287 1324 2330 S.
1332 2302 1380 2342 p.
1394 2290 1511 2331 1252
1520 2301 1616 2342 seq„
1627 2302 1674 2342 p.
1686 2291 1800 2331 2063
1807 2289 1920 2344 seq).

109 2357 193 2399 208
223 2357 361 2400 Iulius
389 2357 627 2400 Flavianus
668 2357 768 2412 (tul—
799 2357 988 2400 traditur
1016 2372 1092 2414 pro
1124 2356 1224 2412 iul-)
1255 2356 1498 2412 praefectus
1526 2356 1620 2398 alae
1650 2357 1696 2398 in
1727 2359 1922 2401 exercitu

195 2425 419 2482 Flaviano,
451 2442 478 2469 a
507 2426 753 2470 Vitellianis
782 2432 935 2483 captus
972 2426 1071 2469 Tac.
1102 2426 1142 2468 h.
1172 2429 1211 2477 3,
1236 2429 1300 2469 79.

109 2494 193 2537 209
221 2501 268 2540 L.
288 2502 455 2538 IVLIVS
485 2501 772 2538 FLAVIANVS
803 2510 915 2538 unus
947 2510 1003 2537 ex
1033 2495 1179 2551 pueris
1209 2500 1456 2537 senatorum
1473 2486 1584 2536 'filiis
1610 2495 1684 2551 qui
1715 2494 1922 2538 fratribus

194 2562 430 2607 Arvalibus
460 2579 498 2607 a.
522 2565 605 2608 120
634 2563 939 2607 ministrabant
967 2567 1047 2607 act.
1069 2563 1175 2605 Arv.

109 2631 194 2674 210
222 2631 360 2675 Iulius
390 2631 567 2688 Florus,
609 2647 750 2675 comes
780 2633 847 2675 Ti.
878 2632 1064 2675 Neronis
1094 2633 1139 2674 in
1169 2630 1277 2674 Asia
1306 2631 1363 2685 (a.
1395 2631 1510 2687 734),
1542 2632 1706 2673 amicus
1736 2631 1920 2686 Horatii,

196 2701 271 2756 qui
302 2700 359 2743 ad
388 2716 487 2743 eum
517 2700 638 2744 dedit
667 2715 729 2756 ep.
750 2704 790 2752 1,
812 2703 852 2743 3.
882 2703 926 2752 2,
946 2703 990 2744 2.
1054 2701 1156 2743 ‘Hic
1184 2699 1341 2742 Florus
1383 2699 1526 2742 scriba
1565 2699 1649 2742 fuit
1679 2706 1923 2742 saturarum

200 2769 396 2826 scriptor,
427 2770 551 2812 cuius
589 2776 692 2812 sunt
731 2769 892 2812 electae
929 2784 985 2811 ex
1014 2769 1157 2811 Ennio
1187 2768 1356 2811 Lucilio
1374 2768 1573 2811 Varrone
1603 2774 1790 2811 saturae‘
1815 2767 1923 2810 Por-

197 2837 356 2892 phyrio
386 2838 446 2880 ad
473 2853 535 2894 ep.
557 2842 596 2889 1,
617 2841 657 2889 3,
679 2842 718 2881 1.

111 2906 192 2948 211
224 2906 361 2949 Iulius
395 2906 563 2962 Florus,
595 2907 764 2962 Trevir.‚
796 2906 944 2951 Gallos
965 2906 1021 2948 ad
1040 2905 1320 2949 rebellionem
1351 2921 1450 2948 cum
1481 2906 1769 2958 excitavisset,
1802 2904 1923 2947 fusus

199 2990 227 3017 a
255 2962 459 3018 Romanis
489 2991 527 3018 a.
549 2976 601 3019 21
635 2991 714 3018 sua
741 2990 874 3018 manu
903 2975 1060 3018 cecidit
1094 2975 1192 3018 Tac.
1215 2990 1255 3017 a.
1275 2978 1315 3026 3,
1335 2978 1403 3017 40.
1423 2978 1505 3026 42,·
1544 2974 1645 3016 Vell.
1663 2978 1707 3025 2,
1728 2977 1827 3017 129.

112 3045 197 3086 212
226 3043 363 3087 Iulius
382 3043 540 3087 Florus
564 3046 626 3087 ‘in
651 3044 898 3101 eloquentia
917 3043 1172 3098 Galliarum,
1205 3044 1409 3100 quoniam
1438 3042 1499 3084 ibi
1528 3042 1701 3084 demum
1730 3043 1924 3084 exercuit

200 3126 307 3164 eam,
346 3114 561 3170 princeps,
602 3113 766 3170 alioqui
796 3113 911 3156 inter
938 3127 1099 3170 paucos
1129 3112 1346 3167 disertus'‚
1389 3117 1573 3167 patruus
1602 3110 1702 3153 Iulii
1735 3110 1923 3153 Secundi

195 3181 484 3236 Quintilianus
512 3182 609 3224 inst.
631 3186 698 3233 10,
719 3185 759 3233 3,
782 3185 847 3226 13.

113 3251 198 3294 213
227 3249 364 3293 Iulius
385 3250 540 3293 Florus
562 3250 639 3306 (sic
659 3250 747 3293 cod.
765 3250 936 3300 Bamb„
956 3250 1009 3295 L.
1025 3249 1222 3292 Anneius
1236 3249 1392 3292 Florus
1410 3247 1498 3290 cod.
1518 3247 1695 3297 Nazar„
1715 3245 1923 3289 Annaeus

200 3317 357 3362 Florus
378 3319 458 3362 alii
472 3318 647 3374 codices)
664 3320 739 3375 qui
755 3319 928 3376 scripsit
944 3318 1160 3361 Hadriani
1175 3325 1225 3360 ut
1239 3317 1412 3359 videtur
1427 3315 1693 3372 temporibus
1710 3314 1923 3357 bellorum
