2202 3724
259 275 495 310 HERODES
861 312 864 316 ⁴
1116 267 1137 307 1
1145 267 1199 308 42
1823 273 2058 309 HERODES

348 405 463 447 litem
496 404 549 445 dc
580 403 851 444 successione
883 402 1005 456 regni
1037 402 1242 443 movisset
1271 401 1473 455 Iosephus
1503 405 1591 443 aut.
1612 406 1678 452 17,
1710 406 1775 452 18,
1807 406 1845 445 1.
1887 418 1919 445 c.
1952 407 1990 454 9,
2021 408 2060 448 4.

340 477 405 523 11,
427 477 464 523 4,
501 471 592 515 bell.
615 474 652 520 1,
673 474 738 520 33,
764 473 800 512 7.
830 473 873 520 2,
895 473 938 520 2,
961 473 988 511 3
1009 483 1091 523 seq.
1122 483 1154 513 o.
1178 473 1214 520 6,
1234 473 1273 513 3.
1325 468 1508 526 Ἡρώδης
1534 472 1751 527 τετράρχης
1770 471 1941 522 nummi,
1962 472 2060 514 item

342 541 457 583 tituli
483 539 592 582 Cous
619 538 687 581 CI
689 537 742 580 G.
773 541 969 581 2502·et
1002 536 1155 580 Delius
1183 537 1300 581 Bull.
1333 538 1382 579 de
1412 552 1519 582 corr.
1551 538 1644 580 hell.
1673 542 1712 588 3,
1744 541 1865 589 1879,
1898 554 1945 593 p.
1966 543 2058 590 366,

341 610 439 650 item
464 606 711 649 Matthaeus
733 620 790 648 ev.
812 609 877 656 14,
899 609 937 655 1,
961 606 1104 648 Lucas
1122 609 1161 655 3,
1185 609 1251 648 19.
1276 609 1314 656 9,
1338 609 1365 647 7
1389 604 1478 658 (sed
1496 606 1749 660 procedente
1773 608 1961 650 oratioue
1991 622 2060 662 ap.

345 676 503 718 Matth.
525 679 590 725 14,
612 678 651 724 9,
684 675 782 716 item
815 689 884 728 ap.
919 674 1121 715 Marcum
1142 677 1179 723 6,
1202 677 1255 715 14
1284 674 1439 716 dicitur
1470 674 1682 732 βασιλεύς).
1743 674 1886 718 Urbes
1916 676 2062 718 condit

342 743 615 786 Tiberia-dem
642 742 833 798 aliasque
855 742 1020 796 Ioseph.
1044 745 1129 786 aut.
1152 745 1218 792 18,
1241 745 1282 793 2,
1305 745 1342 783 1.
1365 745 1403 792 3,
1437 742 1528 784 bell.
1556 747 1598 793 2,
1621 746 1658 792 9,
1681 746 1719 786 1.
1765 744 1927 798 Regem
1957 745 2060 786 Par-

344 812 513 854 thorum
537 818 578 853 et
598 811 647 854 L.
672 809 895 853 Vitellium
916 810 1103 864 legatum
1129 810 1292 866 Syriae,
1321 817 1516 852 extructo
1538 818 1667 866 ponte
1689 826 1818 867 super
1840 810 2061 868 Euphrate

340 880 537 933 flumine,
570 880 767 920 convivio
798 880 958 935 excipit
990 881 1075 920 aut.
1107 881 1173 928 18,
1204 882 1243 928 4,
1273 881 1311 921 5.
1357 878 1628 928 Herodiadis,
1661 894 1771 935 quae
1807 886 1942 935 nupta
1971 887 2063 922 crat

341 948 463 990 fratri
505 949 639 1003 ipsius
670 947 856 1001 Herodi,
898 961 1043 988 amore
1083 953 1256 1003 cathS,
1298 961 1478 988 uxorem
1519 961 1638 988 suam
1678 946 1839 989 Aretae
1868 946 2061 989 Arabum

342 1017 456 1070 regis
496 1015 628 1057 filiam
666 1015 895 1071 repudiare
936 1016 1177 1069 constituit3
1219 1014 1318 1057 inde
1357 1014 1520 1056 bellum
1551 1030 1647 1057 cum
1679 1015 1834 1069 Areta3
1875 1016 2063 1057 vincitur

341 1084 536 1126 Herodes
568 1087 654 1126 aut.
677 1087 742 1133 18,
763 1086 802 1131 5,
826 1087 863 1125 1.
910 1083 1202 1125 Herodiadem
1224 1097 1404 1126 uxorem
1431 1082 1550 1125 ducit
1580 1087 1667 1127 aut.
1689 1086 1754 1134 18,
1775 1086 1814 1133 5,
1836 1087 1875 1126 4.
1921 1084 2063 1125 Huius

342 1153 465 1194 fratri
495 1152 717 1208 Agrippae
754 1166 831 1208 per
870 1151 1045 1207 aliquod
1087 1158 1254 1207 tempus
1284 1152 1447 1192 victum
1478 1151 1725 1207 suppeditat
1755 1155 1840 1194 aut.
1871 1154 1938 1202 18,
1959 1155 1997 1202 6,
2019 1155 2062 1195 2.

341 1221 577 1264 Iohannem
607 1221 848 1276 Baptistam
881 1221 925 1261 in
955 1235 1126 1261 carcerc
1158 1219 1361 1262 interficit
1381 1219 1584 1274 Iosephus
1605 1223 1691 1264 aut.
1714 1223 1779 1271 18,
1801 1223 1838 1270 5,
1860 1224 1891 1262 2
1901 1234 1914 1271 ,·
1945 1220 2064 1262 Mat-

346 1290 490 1331 thaeus
521 1292 584 1339 14,
619 1292 646 1330 3
676 1301 782 1342 369.,·
820 1288 1001 1330 Marcus
1031 1292 1067 1338 6,
1102 1291 1158 1329 17
1185 1302 1291 1342 369.,·
1331 1289 1471 1330 Lucas
1499 1291 1538 1338 3,
1570 1291 1637 1330 19.
1670 1292 1707 1338 9,
1739 1292 1776 1332 9.
1836 1290 1888 1331 In
1919 1289 2063 1331 lesum

343 1359 561 1414 captivum
583 1356 909 1412 Hierosolymis,
934 1357 1007 1399 ubi
1030 1357 1141 1398 forte
1162 1356 1322 1411 aderat,
1347 1357 1525 1412 inquirit
1545 1357 1686 1398 Isucas
1705 1360 1776 1407 23,
1798 1360 1836 1400 9.
1870 1357 2065 1413 Agrippa
2150 1376 2154 1379 ·

346 1440 525 1481 regnum
565 1425 742 1481 adepto,
786 1425 970 1481 impulsu
1010 1425 1272 1467 Herodiadis
1308 1426 1352 1466 in
1383 1424 1551 1467 Italiam
1589 1426 1785 1479 navigat,
1823 1433 1871 1467 ut
1901 1426 2064 1481 etipse

345 1495 508 1549 regiam
540 1493 793 1548 dignitatem
825 1509 850 1535 a
880 1493 928 1537 C.
964 1493 1149 1535 Caesare
1186 1495 1407 1549 impetret,
1444 1504 1593 1534 verum
1635 1493 1689 1534 ab
1719 1493 1915 1549 Agrippa
1954 1493 2062 1535 clam

343 1561 612 1604 insimulatus
643 1561 759 1618 apud
790 1561 839 1604 C.
871 1562 1110 1610 Caesarem,
1143 1563 1187 1603 in
1217 1561 1397 1604 exilium
1426 1562 1610 1603 mittitur
1639 1561 1902 1615 Lugdunum
1934 1563 2063 1617 (anno
2113 1575 2117 1578 ·

344 1647 385 1687 p.
418 1630 520 1673 Chr.
551 1630 623 1684 39)
654 1629 819 1684 Ioseph.
853 1633 937 1672 aut.
965 1633 1031 1679 18,
1066 1634 1101 1679 7,
1133 1634 1164 1673 2
1195 1630 1249 1683 of.
1283 1629 1374 1672 bell.
1406 1633 1449 1680 2,
1481 1633 1520 1680 9,
1557 1633 1582 1671 6
1622 1630 1713 1684 (ubi
1739 1630 1940 1684 Luydum'
1977 1630 2064 1673 Ioco

344 1700 495 1753 Ieffl’tur
525 1698 771 1753 Hispania).
819 1696 903 1750 (De
927 1712 1093 1740 mmmm
1125 1712 1220 1741 cuso
1253 1712 1363 1741 anuo
1386 1699 1603 1752 potentiae
1633 1699 1724 1740 eius
1743 1698 2064 1752 quadrayesimo

344 1770 493 1821 quarto
525 1768 577 1820 of.
612 1766 804 1808 Maddeu
822 1781 869 1820 p.
891 1766 1009 1820 122).

261 1837 342 1878 110
372 1834 589 1888 Herodes,
642 1834 972 1890 Salampsionis,
1019 1834 1208 1876 Herodis
1248 1834 1396 1888 Magni
1440 1833 1576 1888 filiae,
1625 1842 1666 1876 et
1706 1834 1904 1876 Phasaeli
1951 1833 2064 1877 filius

344 1903 547 1957 Iosephus
577 1906 663 1945 aut.
687 1906 752 1953 18,
775 1906 814 1953 5,
835 1907 875 1944 4.

261 1974 336 2015 111
374 1971 573 2013 Herodes
614 1970 833 2013 Chalcidis
874 1986 965 2014 rex.
1029 1970 1225 2021 Nummi,
1259 1985 1327 2025 ap.
1358 1970 1518 2013 Eckhel
1542 1974 1580 2021 3,
1603 1973 1702 2014 492.
1759 1970 1827 2024 Cf.
1860 1970 2067 2014 Sohuerer

341 2039 584 2083 Gesoh‘e'chte
615 2039 684 2081 des
712 2039 807 2093 jad.
840 2039 964 2081 Volhs
990 2040 1023 2081 I
1029 2040 1044 2063 2
1077 2042 1156 2081 606
1185 2052 1266 2092 seq.
1331 2038 1572 2081 Aristobuli
1603 2046 1644 2080 et
1677 2040 1907 2081 Berenices
1937 2038 2065 2091 filius,

347 2108 533 2150 Herodis
565 2108 712 2161 Magni
744 2122 888 2164 nepos,
922 2109 1036 2162 regis
1067 2107 1289 2163 Agrippae
1320 2107 1474 2161 frater,
1512 2106 1655 2149 infans
1685 2123 1710 2149 a
1740 2114 1862 2164 patre
1892 2107 2066 2150 relictus

343 2176 544 2231 Iosephus
566 2179 652 2217 aut.
675 2179 739 2226 18,
761 2179 799 2226 5,
820 2179 861 2226 4,
884 2175 976 2218 bell.
1000 2179 1037 2226 1,
1060 2179 1130 2226 28,
1153 2179 1192 2217 1.
1230 2176 1424 2219 Uxorem
1447 2175 1567 2218 ducit
1587 2176 1871 2217 Mariammen
1892 2176 2063 2232 Iosephi
2101 2167 2109 2176 ⁶

344 2245 476 2286 filiam
491 2244 694 2298 Iosephus
710 2247 879 2294 aut.18,
902 2247 940 2295 5,
965 2248 991 2286 4
1012 2244 1065 2297 cf.
1090 2244 1239 2294 06112,
1262 2247 1327 2295 11,
1351 2247 1387 2294 6,
1414 2250 1563 2300 postea
1583 2245 1823 2286 Berenicen
1844 2244 2066 2301 Agrippae

343 2314 488 2355 fratris
517 2312 649 2354 filiam
681 2315 767 2354 aut.
799 2316 864 2363 19,
887 2315 926 2363 5,
948 2316 985 2362 1,
1021 2312 1111 2354 bell.
1142 2316 1186 2362 23
1208 2316 1273 2362 11,
1298 2315 1337 2354 5.
1360 2316 1398 2354 6.
1468 2312 1766 2354 Intercedente
1804 2312 2002 2369 Agrippa
2041 2329 2067 2355 a

345 2381 526 2425 Claudio
568 2382 842 2423 constituitur
877 2396 954 2422 rex
986 2380 1206 2423 Chalcidis
1239 2384 1325 2424 aut.
1348 2384 1413 2431 19,
1435 2384 1535 2431 5,1,
1569 2381 1661 2423 bell.
1683 2384 1725 2431 2,
1749 2384 1813 2431 11,
1835 2383 1862 2423 5
1892 2381 1946 2434 of.
1978 2381 2066 2423 Dio

347 2454 411 2500 60,
433 2453 461 2491 8
490 2451 580 2504 (reae
611 2449 851 2503 appellatur
882 2463 909 2490 a
941 2448 1127 2491 Claudio
1167 2450 1255 2490 iam
1293 2450 1339 2490 iu
1378 2449 1511 2491 edicto
1545 2464 1584 2491 a.
1605 2452 1671 2499 41,
1704 2449 1819 2503 apud
1844 2449 2065 2503 Iosephum

345 2521 430 2560 aut.
459 2521 524 2568 19,
556 2520 593 2567 5,
625 2519 682 2573 3).
753 2516 942 2559 Ornatus
981 2518 1242 2558 ornamentis
1282 2518 1530 2574 praetoriis,
1574 2518 1740 2561 Graece
1778 2518 1940 2571 gratias
1975 2518 2066 2571 agit

344 2586 525 2629 Claudio
567 2587 610 2627 in
648 2592 799 2627 senatu
829 2585 917 2627 Dz'o
945 2588 1010 2635 60,
1043 2588 1083 2627 8.
1145 2585 1338 2632 Βασιλεὺς
1369 2585 1552 2642 Ἡρώδης
1581 2585 1862 2632 Φιλοκλαόδιος
1890 2586 2063 2627 nummi.

345 2655 467 2709 (Item
503 2654 628 2695 huius
666 2653 852 2695 Herodis
891 2667 976 2695 esse
1006 2656 1189 2707 putatur
1220 2668 1248 2695 a
1275 2653 1596 2707 Dittmberyero
1626 2653 1773 2695 taulus
1796 2653 2065 2696 Atheuicuse's

341 2722 459 2765 CIA.
483 2722 570 2764 III
580 2724 660 2765 551
686 2722 721 2776 [ὁ
752 2722 890 2778 &Epioe
920 2722 1114 2780 [βασιλ]εά
1137 2720 1320 2779 Ἡρώδην
1342 2722 1497 2779 Εὐσεβῆ
1521 2724 1585 2764 καὶ
1605 2722 1872 2778 Φιλοκαίσαρα
1893 2722 2065 2779 [ἀ]ρετῆς

344 2792 459 2833 ἕνεκα
488 2792 552 2833 καὶ
583 2791 839 2847 εὐεργεσίας).
886 2790 997 2833 Cum
1027 2790 1160 2832 fratre
1182 2790 1379 2846 Agrippa
1401 2789 1632 2832 Tiberiade
1664 2791 1867 2832 convenit
1896 2790 2060 2844 Ioseph.

345 2862 432 2901 aut.
463 2862 530 2909 19,
560 2861 600 2909 8,
631 2862 669 2901 1.
744 2859 849 2900 Post
893 2864 1074 2900 mortem
1114 2858 1337 2914 Agrippae
1378 2858 1511 2901 Silam
1555 2858 1898 2900 interficiendum
1940 2865 2064 2900 curat

345 2930 431 2970 ant.
454 2930 518 2977 19,
540 2930 580 2977 8,
601 2930 640 2968 3.
700 2927 772 2969 Ius
803 2927 1026 2982 pontifices
1055 2927 1229 2968 creandi
1266 2942 1292 2968 a
1323 2926 1502 2969 Claudio
1535 2928 1736 2982 impetrat
1767 2929 1853 2968 ant.
1884 2930 1954 2976 20,
1977 2929 2015 2976 1,
2036 2930 2064 2968 3

344 2997 398 3048 of.
430 2998 500 3045 20,
521 2997 559 3045 5,
582 2998 624 3038 2.
680 2995 878 3037 Decessit
907 3010 1019 3036 anno
1052 2994 1221 3037 Claudii
1251 3002 1402 3036 octavo
1435 2997 1521 3036 aut.
1548 2998 1618 3045 20,
1640 2997 1678 3044 5,
1700 2998 1743 3037 2.
1803 2993 1936 3036 Filios
1967 2993 2061 3035 reli-

345 3064 440 3119 quit
469 3078 524 3104 ex
554 3063 807 3104 Mariamme
839 3062 1157 3114 Aristobulum,
1195 3078 1250 3104 ex
1280 3063 1488 3104 Berenice
1517 3063 1848 3104 Berenicianum
1879 3068 1921 3104 et
1947 3062 2059 3117 Hyr-

344 3146 499 3173 canum
530 3134 616 3172 aut.
638 3134 709 3180 20,
731 3133 768 3181 5,
790 3134 833 3181 2,
868 3131 958 3173 bell.
980 3135 1022 3180 2,
1044 3135 1109 3181 11,
1132 3134 1169 3173 6.

262 3202 341 3242 112
374 3199 567 3241 Herodes
605 3198 844 3240 Aristobuli
887 3205 928 3241 et
968 3198 1164 3242 Salomae
1204 3198 1334 3252 filius,
1375 3199 1564 3240 Herodis
1605 3199 1695 3240 eius
1731 3200 1805 3254 qui
1844 3197 2062 3253 praecedit

344 3282 476 3322 nepos
507 3267 710 3320 Iosephus
740 3270 823 3310 ant.
847 3270 911 3317 18,
933 3270 971 3316 5,
993 3271 1032 3309 4.

264 3336 342 3378 113
372 3335 568 3378 Herodes
605 3336 674 3376 vir
712 3336 859 3392 gravis
901 3337 940 3389 (ὁ
971 3335 1236 3393 σεμνότατος),
1278 3334 1410 3377 libros
1440 3335 1611 3394 Iosephi
1650 3334 1704 3377 de
1743 3333 1854 3377 bello
1882 3332 2059 3378 ludaico
