2190 3724
225 278 548 315 HATERIANVS
1081 273 1164 316 126
1487 288 1490 291 ’
1635 303 1642 312 .
1773 280 2025 318 HATERIVS

232 411 283 452 15
314 411 576 452 Haterianus
588 409 878 462 (actherianus
893 409 1114 451 Macrobii
1123 409 1312 464 codices),
1325 411 1644 464 grammaticus,
1663 411 1817 452 citatus
1829 411 2026 453 Macrob.

311 481 390 521 sat.
420 482 459 527 3,
490 480 528 527 8,
561 481 613 527 2;
652 476 778 520 schol.
820 476 965 520 Veron.
1008 477 1066 519 acl
1097 477 1213 532 Very.
1247 477 1354 520 Aen.
1387 481 1425 528 7,
1451 481 1535 520 337
1545 491 1557 529 ,·
1587 481 1626 528 9,
1657 481 1751 522 360.
1790 482 1884 521 390.
1924 482 2009 521 397
2017 493 2030 531 ,·

312 550 376 600 10,
408 549 503 588 243.

310 613 446 655 Iulius
475 613 750 655 Haterianus.

234 682 283 723 16
313 681 519 723 Haterius
552 687 913 722 testamentorum·
933 687 1147 737 captator,
1180 681 1304 723 homo
1337 683 1403 735 (ut
1432 697 1487 724 ex
1517 689 1724 724 contextu
1755 682 2026 737 intelligitur)

230 818 279 859 17

227 2116 278 2157 18

227 2869 279 2909 19

313 749 466 791 nobilis
499 750 658 791 Seneca
687 749 735 791 (le
767 750 854 792 ben.
879 754 916 800 6,
937 753 1003 800 38,
1026 754 1064 791 4.

312 825 354 867 Q.
386 823 649 871 HATERIVS,
683 817 984 860 celeberrimus
1015 820 1102 859 suis
1134 819 1396 874 temporibus
1426 826 1569 861 orator
1595 819 1755 862 Seneca
1784 834 1846 873 ep.
1872 822 1938 870 40,
1962 823 2026 862 10.

311 885 493 927 Familia
520 887 735 928 senatoria
771 886 866 928 Tac.
900 901 940 928 a.
962 890 1000 936 4,
1025 890 1088 930 61.
1149 887 1354 928 Haterius
1382 891 1634 929 memoratus
1665 902 1692 929 a
1718 887 1804 931 C'ic.
1840 887 1898 930 ad
1924 889 2026 942 fam.

311 958 349 1003 9,
377 957 436 1002 18,
458 958 485 995 3
506 955 771 1008 proscriptus
802 969 842 996 a.
875 958 974 1004 711,
1004 954 1117 1009 App.
1152 956 1189 997 b.
1222 969 1253 998 c.
1277 959 1315 1004 4,
1337 959 1395 998 29
1418 959 1559 1009 potest
1592 956 1723 1009 fuisse
1747 956 1886 1008 frater
1916 957 2028 1007 eius;

311 1022 520 1076 Borylzesi
547 1026 572 1065 5
604 1038 651 1077 p.
682 1025 781 1066 122.
843 1022 1003 1065 Consul
1043 1023 1138 1066 suff.
1170 1039 1207 1066 a.
1240 1025 1321 1065 inc.
1366 1023 1621 1076 (consularis
1658 1024 1755 1066 Tac.
1790 1038 1829 1065 a.
1861 1027 1913 1074 2,
1941 1025 2026 1076 33).

310 1091 499 1132 Exemiti·
540 1105 578 1134 a.
612 1094 690 1133 745
721 1091 981 1133 consulatum
1011 1093 1098 1133 cius
1129 1092 1276 1134 tribuit
1306 1092 1563 1146 Boryliesius
1588 1095 1615 1135 5
1643 1107 1691 1146 p.
1712 1095 1800 1135 122
1820 1107 2028 1147 perquam

313 1159 493 1213 infirmis
524 1159 572 1200 dc
603 1160 752 1202 causis.
808 1159 859 1200 A.
894 1174 932 1215 p.
966 1159 1012 1202 C.
1051 1160 1102 1201 14
1131 1161 1175 1201 in
1206 1168 1358 1202 senatu
1389 1160 1613 1202 Tiberium
1644 1160 1822 1202 offendit
1857 1161 1954 1203 Tac.
1973 1175 2027 1203 a.

310 1231 347 1276 1,
370 1230 422 1268 13
451 1228 505 1280 cf.
530 1227 699 1271 Sueten.
735 1228 823 1270 Tib.
855 1232 936 1279 29,·
965 1243 1063 1270 cum
1094 1228 1408 1284 deprecaretur,
1443 1244 1578 1285 paene
1608 1245 1633 1271 a
1663 1228 1869 1271 militibus
1899 1230 2026 1271 inter-

309 1296 447 1338 fectus
484 1297 579 1341 Tac.
613 1297 639 1339 l.
670 1312 703 1341 c.
741 1299 794 1351 cf.
828 1298 998 1341 Sueten.
1036 1298 1126 1339 Tib.
1158 1301 1228 1341 27.
1298 1297 1351 1340 A.
1387 1299 1438 1340 16
1479 1298 1615 1339 verba
1653 1298 1756 1340 facit
1792 1298 1835 1339 in
1876 1303 2029 1339 senatu

312 1366 355 1406 in
385 1364 535 1407 luxum
565 1367 753 1408 civitatis
792 1367 885 1410 Tac.
919 1381 958 1408 a.
987 1370 1029 1416 2,
1050 1369 1131 1415 32,·
1161 1382 1196 1407 a.
1220 1368 1274 1408 22
1301 1366 1528 1408 immodica
1557 1373 1701 1408 censet
1721 1366 1775 1408 de
1796 1365 2029 1408 honoribus

316 1433 447 1474 Drusi
484 1434 537 1476 ib.
567 1438 606 1484 3,
637 1438 703 1476 37.
764 1435 963 1476 Decessit
994 1435 1078 1476 fine
1108 1450 1145 1476 a.
1178 1435 1232 1476 26
1263 1435 1317 1478 ib.
1349 1438 1387 1484 4,
1424 1438 1498 1484 61,
1541 1449 1674 1491 prope
1714 1434 2029 1489 nonagenarius

310 1501 591 1556 Hieronymus
612 1503 752 1546 chron.
776 1503 833 1545 ad
852 1518 891 1545 a.
914 1503 1020 1546 Abr.
1038 1506 1150 1544 2040
1180 1503 1245 1556 (p.
1274 1502 1319 1546 C.
1342 1503 1429 1550 24).
1454 1528 1505 1532 -
1524 1502 1646 1544 Idem
1667 1503 1846 1545 fortasse
1868 1501 1919 1555 Q.
1941 1502 2038 1544 Ha·-

310 1571 522 1613 terius...
554 1571 697 1612 nescio
729 1586 857 1627 quam
888 1572 1155 1627 provinciam
1183 1571 1410 1625 sortit(us),
1442 1578 1492 1612 tr.
1525 1570 1594 1626 pL,
1626 1586 1704 1627 pr,
1738 1570 1909 1626 V11[vir
1929 1583 2029 1626 epu-

310 1637 482 1692 lonu]m,
505 1653 531 1679 a
549 1671 670 1681 .....
684 1671 693 1692 ,
723 1638 913 1694 sepultus
935 1639 989 1680 ad
1010 1638 1127 1680 viam
1149 1639 1461 1680 Nomentanam
1488 1638 1555 1680 VI
1567 1641 1688 1681 1426.
1722 1638 1904 1681 Mortem
1927 1638 2026 1682 Sex,

312 1705 389 1747 filii
412 1707 488 1761 (sic
510 1707 749 1760 Kiessliny;
779 1722 855 1748 sex
885 1706 1071 1748 filiorum
1100 1707 1303 1761 traditur)
1334 1705 1547 1748 imbecillo
1579 1709 1720 1748 animo
1751 1706 1849 1749 tulit
1870 1706 2031 1750 Seneca

314 1778 494 1818 controv.
517 1774 595 1816 IV
607 1789 680 1829 pr.
703 1779 739 1818 6.
767 1800 815 1804 ——
842 1776 1088 1831 ‘Promptus
1120 1782 1162 1817 et
1191 1774 1411 1831 popularis
1442 1781 1600 1816 orator‘
1633 1775 1918 1829 Hieronymus
1946 1774 1973 1817 l.
1995 1788 2028 1816 c.

310 1842 477 1885 Iudicia
506 1843 560 1884 de
592 1843 763 1898 ingenio
795 1844 885 1885 eius
907 1843 1068 1887 Seneca
1088 1847 1266 1886 controv.
1290 1843 1368 1885 IV
1381 1858 1452 1897 pr.
1478 1846 1590 1885 7-11
1612 1843 1725 1898 (inde
1746 1843 2030 1897 Hieronymus

311 1911 402 1955 aclv.
430 1911 632 1953 Ioannem
663 1912 1093 1966 Hierosolymitanum
1112 1911 1209 1966 12);
1239 1912 1399 1955 Seneca
1417 1913 1556 1953 minor
1576 1926 1637 1965 ep.
1657 1916 1724 1962 40,
1747 1915 1824 1963 10,·
1860 1911 1957 1954 Tac.
1988 1925 2028 1953 a.

308 1984 346 2029 4,
369 1983 432 2023 61.
483 1979 622 2021 Multa
648 1980 700 2021 de
723 1995 771 2021 eo
794 1980 926 2022 refert
947 1980 1106 2023 Seneca
1133 1980 1276 2022 rhetor
1303 1980 1373 2035 (cf.
1398 1980 1652 2034 Kiesslinyii
1671 1980 1758 2022 incl.
1783 1995 1830 2034 p.
1850 1979 1959 2033 540).
1976 2005 2028 2009 -

310 2048 379 2089 Ex
409 2047 536 2089 huius
570 2054 616 2089 ut
646 2048 817 2090 videtur
838 2048 890 2101 Q.
914 2049 1082 2090 Haterii
1114 2047 1277 2090 familia
1306 2048 1497 2089 homines
1539 2048 1606 2090 VI
1628 2052 1752 2091 9251.
1785 2051 1912 2091 9252.

309 2122 356 2159 D.
388 2122 639 2158 HATERIVS
666 2123 880 2158 AGRIPPA
913 2115 989 2169 (sic
1011 2117 1136 2171 plene
1168 2118 1212 2158 in
1242 2117 1460 2159 consulatu
1490 2115 1578 2158 Dio
1609 2116 1695 2158 incl.
1719 2116 1745 2158 l.
1765 2120 1832 2167 57,
1866 2116 1934 2159 VI
1945 2119 2031 2159 562

299 2187 434 2226 10051
473 2184 553 2226 ΧΙ
574 2188 701 2236 1356;
740 2185 795 2229 D.
828 2185 1032 2227 Haterius
1067 2185 1164 2227 Tac.
1192 2200 1230 2227 a.
1254 2188 1292 2235 3,
1312 2188 1372 2228 52
1403 2186 1446 2226 in
1476 2184 1694 2227 consulatu
1724 2187 1764 2226 et
1789 2183 2027 2227 Gassiodor.

311 2252 474 2302 chron„
521 2253 627 2295 alibi
654 2254 861 2295 Haterius
892 2253 1127 2309 Agrippa),
1170 2253 1222 2306 Q.
1256 2253 1283 2294 f.
1317 2252 1405 2295 Dio
1435 2252 1521 2296 ind.
1554 2252 1580 2296 l.
1610 2255 1676 2303 57,
1718 2252 1877 2295 scilicet
1914 2253 2030 2308 filius

307 2322 353 2373 Q.
377 2321 551 2363 Haterii
569 2322 643 2374 qui
662 2322 895 2375 praecedit.
946 2322 1223 2377 Propinquus
1246 2321 1491 2365 Germanici
1519 2321 1617 2362 Tac.
1641 2335 1680 2364 a.
1701 2323 1744 2370 2,
1760 2323 1825 2371 51,
1848 2321 2029 2374 fortasse

309 2393 435 2431 natus
464 2389 558 2444 filia
590 2390 656 2431 M.
684 2390 915 2444 Ayrippae,
948 2405 975 2432 a
1006 2404 1084 2444 quo
1112 2390 1275 2432 videtur
1301 2390 1482 2431 traxisse
1511 2403 1745 2443 coynomen.
1807 2388 2028 2430 Tribunus

310 2456 446 2513 plebis
477 2473 514 2500 a.
541 2460 590 2501 15
617 2459 714 2502 Tac.
738 2473 777 2500 a.
805 2462 843 2508 1,
873 2462 936 2502 77.
995 2459 1176 2500 Praetor
1203 2458 1407 2499 suffectus
1439 2458 1478 2498 in
1511 2457 1654 2499 locum
1683 2457 1882 2513 Vipstani
1913 2456 2028 2501 Galli

310 2526 502 2567 defuncti
533 2541 570 2569 a.
600 2526 650 2567 17
684 2527 740 2568 ib.
772 2531 823 2576 2,
853 2524 919 2568 51.
988 2525 1149 2568 Consul
1194 2526 1442 2580 designatus
1482 2540 1518 2569 a.
1553 2526 1603 2567 21
1647 2526 1691 2566 in
1732 2531 1884 2567 senatu
1928 2539 2028 2567 con-

312 2594 486 2636 demnat
522 2594 765 2636 Clutorium
806 2595 1001 2636 Priscum
1043 2595 1096 2636 ib.
1131 2599 1170 2644 3,
1205 2598 1271 2638 49.
1307 2597 1374 2636 51.
1435 2592 1596 2635 Consul
1637 2592 1727 2634 ord.
1768 2608 1806 2635 a.
1839 2595 1892 2636 22
1929 2608 2027 2635 cum

312 2662 360 2705 C.
392 2662 579 2718 Sulpicio
613 2662 753 2706 Galba
782 2664 899 2716 fasti.
959 2662 1012 2704 A.
1043 2663 1097 2704 32
1139 2664 1182 2704 in
1222 2668 1373 2704 senatu
1414 2661 1609 2703 consules
1647 2662 1748 2703 anni
1781 2662 1934 2716 prioris
1964 2663 2028 2703 in-

307 2731 428 2772 vadit
457 2731 513 2772 ib.
537 2734 573 2780 6,
595 2734 633 2772 4.
694 2730 939 2772 Illustribus
970 2731 1074 2772 viris
1106 2732 1338 2786 perniciem
1369 2730 1602 2771 meditatur
1631 2730 1686 2772 ib.
1736 2729 1805 2770 De
1833 2729 2027 2772 moribus

311 2800 401 2840 eius
435 2799 488 2840 ib.

311 2874 354 2918 Q.
384 2873 633 2908 HATERIVS
664 2873 951 2908 ANTONINVS
989 2868 1065 2921 (sic
1096 2867 1223 2920 plene
1264 2867 1307 2907 in
1347 2865 1567 2908 consulatu
1606 2865 1690 2906 tab.
1728 2868 1873 2907 cerata
1902 2865 2027 2908 Pom-

310 2936 469 2990 peiana
490 2949 557 2989 ap.
582 2935 755 2976 Petram
779 2949 821 2975 n.
842 2937 925 2976 125
955 2938 994 2976 et
1013 2934 1171 2988 Pleleyo
1200 2935 1295 2976 mir.
1320 2938 1356 2984 7,
1389 2933 1442 2986 Q.
1466 2933 1668 2975 Haterius
1696 2933 1792 2976 Tac.
1815 2947 1854 2975 a.
1872 2937 1942 2984 12,
1958 2937 2025 2984 58,

310 3003 557 3046 Antoninus
586 3002 927 3057 clironoyraplius
949 3003 1053 3044 anni
1070 3006 1151 3045 354
1171 3005 1211 3044 et
1231 3002 1332 3053 alii,·
1363 3003 1567 3043 Haterius
1589 3001 1833 3043 Antoninus
1860 3001 1957 3044 Tac.
1985 3017 2024 3044 a.

310 3076 375 3122 13,
406 3072 489 3127 34).
550 3070 686 3112 Filius
728 3078 774 3112 ut
808 3070 980 3112 videtur
1009 3071 1064 3112 D.
1097 3071 1265 3112 Haterii
1296 3069 1517 3125 Agrippae
1556 3084 1638 3110 cos.
1668 3085 1706 3113 a.
1738 3071 1804 3111 22.
1865 3069 2026 3112 Consul
2053 3117 2062 3130 ο

224 3167 226 3169 ν
311 3140 554 3182 ordinarius
594 3155 631 3181 a.
663 3140 717 3181 53
753 3130 851 3180 cum
883 3139 938 3180 D.
970 3139 1092 3181 Iunio
1125 3138 1269 3180 Silano
1300 3137 1520 3193 Torquato
1552 3137 1669 3190 fasti.
1730 3136 1840 3179 Cum
1873 3138 2025 3199 ‘avitas

226 3346 279 3388 20

311 3215 428 3264 opes‘
473 3223 549 3264 per
587 3206 739 3249 luxum
777 3206 1046 3262 dissipasset,
1092 3221 1235 3248 annua
1275 3207 1458 3262 pecunia
1493 3206 1531 3247 ei
1572 3211 1733 3247 statuta
1768 3220 1794 3247 a
1832 3206 2025 3262 principe

338 3310 347 3318 .
374 3277 428 3318 58
465 3276 562 3318 Tac.
585 3290 624 3317 a.
651 3279 716 3325 13,
737 3278 802 3316 34.

309 3293 360 3389 34.
383 3350 632 3386 HATERIVS
664 3349 926 3397 CANDIDVS,
959 3342 1186 3399 proconsul
1219 3341 1390 3385 Siciliae
1417 3342 1479 3384 tit.
1502 3341 1806 3396 Ayriyentinus
1834 3340 1883 3383 X
1902 3322 2024 3384 7192.
