2202 3724
221 304 485 339 MALLONIA
1080 292 1164 334 326
1775 299 2017 335 MAMILIVS

220 434 273 476 87
304 432 520 486 Mallonia,
564 445 660 471 cum
691 429 856 470 Tiberii
894 427 1063 471 libidini
1103 430 1354 483 morigerari
1386 428 1536 483 nollet,
1569 434 1770 471 accusata
1810 443 1854 470 se
1884 429 2016 484 ipsam

304 500 516 542 interfecit
545 498 660 541 Suet.
694 498 784 541 Tib.
807 500 873 539 45.

223 570 276 610 88
308 567 620 619 Mallovendus,
648 565 893 606 Marsorum
922 564 1024 618 dux,
1066 579 1103 609 a.
1137 565 1190 606 16
1219 565 1426 607 Romanis
1455 564 1600 607 locum
1630 564 1824 607 defossae
1854 564 2022 620 aquilae

304 636 520 677 Varianae
552 633 712 674 indicat
743 632 782 674 Τ
778 645 839 673 ac.
862 646 901 673 a.
923 635 965 681 2,
987 633 1056 674 25.

220 705 273 745 89
304 702 490 744 Malorix
517 700 655 755 (Mall-
678 714 763 754 pro
784 699 887 741 Mal·
911 699 1048 742 ,eoelex
1067 713 1151 742 uno
1173 699 1279 753 loeo)
1311 699 1400 742 dux
1421 701 1681 742 Frisiorum:
1713 715 1763 742 eo
1785 707 1827 743 et
1848 701 2020 743 Verrito

305 769 552 812 auctoribus
583 769 714 810 Frisii
756 781 880 821 agros
920 781 1081 809 vacuos
1121 774 1162 809 et
1197 766 1383 810 militum
1424 769 1518 810 usui
1550 769 1756 824 sepositos
1787 769 2020 822 invadunt3

306 837 531 893 perpulsus
560 852 585 878 a
615 837 762 878 Duvio
794 836 924 878 Avito
964 835 1126 890 legato,
1169 842 1216 877 ut
1243 836 1420 878 Romam
1461 843 1662 892 pergeret
1699 836 1754 878 ad
1794 851 1865 879 eos
1895 851 2021 891 agros

306 904 608 961 impetrandos,
642 920 667 946 a
691 905 864 946 Nerone
894 905 1070 946 civitate
1100 904 1286 946 donatur
1317 905 1415 947 Tae.
1438 919 1478 949 a.
1500 908 1564 956 13,
1585 909 1649 948 54.

157 1002 173 1018 ι
219 999 274 1003 -
305 980 411 1017 SER.
444 979 723 1014 CORNELIVS
755 978 1017 1014 LENTVLVS
1049 978 1436 1016 MALVGINENSIS.

220 1043 274 1083 90
304 1040 530 1096 Malthace,
573 1057 660 1083 una
700 1056 755 1082 ex
794 1040 1003 1082 uxoribus
1043 1041 1230 1083 Herodis
1270 1041 1529 1083 Iudaeorum
1569 1042 1695 1095 regis,
1738 1041 2020 1095 Samaritana,

305 1115 444 1151 mater
483 1108 686 1151 Archelai
726 1108 986 1151 ethnarchae
1017 1115 1059 1151 et
1089 1108 1276 1151 Herodis
1307 1109 1568 1163 tetrarchae,
1612 1111 1713 1151 item
1753 1108 2023 1164 Olympiadis

305 1177 468 1232 Ioseph.
501 1177 592 1219 bell.
624 1181 661 1227 1,
691 1179 761 1227 28,
788 1180 815 1219 4
845 1178 898 1230 ef.
933 1180 1019 1219 ant.
1040 1180 1106 1227 17,
1129 1181 1167 1227 1,
1189 1180 1228 1219 3.
1287 1177 1458 1219 Mortuo
1487 1177 1663 1219 Herode
1693 1177 1749 1231 (a.
1781 1193 1822 1219 u.
1854 1192 1890 1219 c.
1923 1177 2023 1231 750)

306 1245 565 1287 Archelaum
587 1244 723 1286 filium
738 1245 918 1286 Romam
946 1246 1174 1287 comitatur
1195 1244 1286 1287 bell.
1308 1248 1350 1295 2,
1375 1249 1417 1296 2,
1437 1248 1465 1288 3
1485 1246 1539 1299 ef.
1558 1248 1645 1287 ant.
1666 1248 1732 1295 17,
1756 1248 1794 1295 9,
1815 1247 1853 1288 3.
1886 1243 2022 1287 Paulo

306 1321 403 1369 post
432 1315 593 1355 Romae
623 1314 804 1355 moritur
834 1313 926 1356 bell.
947 1317 990 1364 2,
1011 1316 1050 1364 3,
1073 1317 1111 1364 1,
1144 1316 1232 1356 ant.
1253 1317 1319 1364 17,
1341 1317 1407 1364 10,
1430 1317 1468 1357 1.

221 1407 278 1411 -—
307 1389 445 1423 IVLIA
474 1388 628 1422 AVITA
658 1387 878 1422 MAMAEA
907 1387 1150 1424 AVGVSTA.

223 1452 299 1492 90⁸
320 1450 537 1504 Maltinus,
555 1449 680 1491 homo
700 1449 908 1492 delicatus
926 1450 1119 1504 (‘tunicis
1136 1449 1332 1492 demissis
1346 1449 1574 1503 ambulat')
1587 1450 1743 1492 Horat.
1754 1453 1833 1494 sat.
1846 1453 1884 1500 1,
1898 1453 1940 1500 2,
1953 1453 2024 1492 24.
2067 1505 2072 1508 ⁴

222 1544 277 1548 —
308 1517 496 1560 Manlius
525 1517 746 1560 Maltinus.

224 1588 274 1630 91
307 1587 612 1640 Mamertinus,
643 1586 940 1640 Atheniensis,
984 1586 1171 1629 Herodis
1203 1585 1335 1628 Attici
1375 1587 1419 1628 in
1459 1585 1682 1642 republica
1722 1585 1914 1640 gerenda
1953 1585 2025 1627 ad-

307 1656 523 1697 versarius
554 1654 845 1696 Philostratus
873 1655 945 1697 vit.
974 1654 1090 1708 soph.
1115 1658 1158 1705 2,
1181 1658 1219 1705 1,
1241 1658 1304 1697 11.

223 1749 280 1753 —
310 1723 411 1766 SeX.
443 1723 671 1764 Petronius
697 1722 995 1765 Mamertinus.

223 1818 280 1822 —-
308 1799 359 1835 M.
391 1797 670 1832 PETRONIVS
702 1797 829 1832 SVRA
858 1796 1206 1834 MAMERTINVS.

227 1885 279 1890 —-
310 1866 498 1901 VETINA
528 1865 873 1901 MAMERTINVS.

225 1929 279 1971 92
309 1933 626 1969 MAMILIANVS
650 1925 970 1981 (Mamellianus
995 1941 1063 1981 ap.
1086 1926 1204 1969 Plin.
1229 1930 1267 1978 9,
1288 1930 1342 1969 16
1372 1926 1498 1969 codex
1518 1927 1564 1968 in
1583 1926 1662 1968 liae
1682 1926 1864 1980 epistula
1881 1927 2030 1968 unicus

312 1996 570 2045 Medieaeus,
602 1994 847 2037 Mamiliaus
876 1995 986 2037 idem
1016 2010 1077 2049 ep.
1108 1995 1226 2039 Plin.
1259 1998 1296 2045 9,
1327 1998 1397 2045 25,
1429 1994 1633 2037 Milianus
1655 1994 1743 2037 eod.
1764 1994 2028 2044 Dresdensia

309 2063 581 2106 Mamilianus
611 2064 699 2105 iam
721 2063 949 2118 pleraeque
979 2063 1179 2106 editiones
1200 2064 1506 2117 antiquae)'vir
1527 2063 1732 2117 eruditus,
1757 2064 1825 2105 cui
1856 2065 1900 2105 in
1931 2077 2029 2119 pro-

310 2133 453 2174 vincia
483 2132 655 2187 degenti
687 2132 878 2173 carmina
908 2147 986 2174 sua
1015 2132 1133 2173 misit
1159 2131 1325 2173 Plinius
1345 2131 1464 2174 Plin.
1486 2146 1548 2186 ep.
1572 2135 1610 2182 9,
1632 2135 1697 2174 16.
1718 2134 1788 2175 25.
1832 2130 2030 2174 Castren-

310 2199 426 2242 sibus
452 2201 633 2254 negotiis
672 2206 903 2256 occupatus
932 2200 989 2242 ib.
1020 2203 1059 2251 9,
1093 2202 1162 2250 25,
1192 2203 1217 2241 1
1249 2198 1430 2255 (violetur
1458 2201 1591 2254 iyitur
1620 2200 1845 2242 exereitum
1873 2199 2030 2241 rexisse

309 2269 370 2311 vel
411 2271 517 2310 certe
554 2268 775 2322 leyionern,
817 2269 999 2322 fortasse
1038 2269 1084 2310 in
1123 2267 1383 2319 Britannia,
1425 2269 1479 2322 ef.
1519 2269 1595 2310 sub
1637 2282 1682 2310 eo
1713 2268 1785 2322 qui
1812 2265 2029 2321 sequitur).

311 2337 458 2379 Utitur
499 2337 720 2378 occasione
760 2336 948 2378 venandi
987 2337 1043 2380 ib.
1075 2340 1112 2387 9,
1141 2340 1206 2387 16,
1229 2340 1267 2379 1.
1326 2336 1544 2386 Fortasse,
1579 2339 1627 2378 ut
1657 2336 1830 2378 coniecit
1858 2334 2031 2377 Asbaek

315 2404 490 2448 analect.
522 2404 667 2446 histor.
700 2408 738 2447 et
768 2405 898 2459 epiyr.
928 2405 1027 2447 Lat.
1052 2420 1099 2459 p,
1130 2408 1199 2455 32,
1244 2404 1353 2446 idem
1385 2403 1736 2459 [M]amilli[anus]
1768 2402 1917 2445 consul
1946 2402 2032 2444 suf-

311 2472 447 2513 fectus
489 2472 568 2515 sub
608 2473 795 2514 Traiano
835 2473 942 2527 fasti
979 2474 1058 2526 fer.
1096 2474 1194 2515 Lat.
1238 2473 1306 2515 VI
1327 2476 1442 2515 2013
1471 2492 1527 2506 =
1556 2470 1685 2514 XIV
1700 2474 1839 2522 2243;
1888 2470 2032 2512 consul

310 2540 394 2593 fuit
422 2555 461 2581 a.
484 2543 584 2591 103,
625 2542 665 2582 si
691 2544 801 2583 reete
825 2541 998 2583 Asbaeh
1032 2541 1057 2584 l.
1085 2555 1117 2584 e.
1152 2540 1415 2595 particulam
1443 2540 1553 2582 liano
1582 2541 1791 2593 fastorum
1820 2539 2029 2592 feriarum

311 2609 567 2650 Latinarum
587 2612 774 2662 spectare
802 2609 953 2650 statuit
980 2609 1037 2651 ad
1058 2622 1192 2651 annos
1215 2611 1436 2660 101—104,·
1457 2608 1511 2662 ef.
1531 2607 1643 2650 CIL.
1661 2608 1694 2650 I
1708 2606 1770 2649 ed.
1785 2610 1817 2650 2
1828 2621 1876 2661 p.
1888 2609 1954 2650 59.
1974 2630 2026 2636 -

315 2676 404 2718 Nee
436 2676 622 2718 diversus
651 2677 833 2729 fortasse
862 2677 900 2718 is
931 2678 1002 2730 qui
1031 2678 1229 2730 sequitur.

227 2745 282 2787 93
312 2743 417 2797 T.(‘?)
450 2776 458 2785 .
478 2776 514 2785 ..
532 2750 709 2785 PONIVS
742 2751 1059 2786 MAMILIANVS
1099 2751 1260 2787 RVFVS
1291 2750 1622 2786 ANTISTIANVS
1652 2741 2031 2797 FVNISVLANV[S]

311 2817 662 2853 VETTONIANVS
696 2812 974 2866 (praenomen
1003 2813 1135 2866 fuisse
1165 2812 1216 2855 T.
1246 2812 1310 2854 vel
1340 2813 1402 2863 P„
1431 2811 1691 2866 yentilieiurn
1728 2810 1864 2853 videri
1899 2810 2032 2864 fuisse

314 2879 628 2935 [Pom]p0niUS,
672 2883 779 2921 eerte
819 2880 961 2934 finisse
995 2881 1041 2922 in
1070 2881 1218 2936 -poni-,
1252 2883 1393 2934 ectypo
1427 2893 1629 2934 yypsaeeo
1662 2879 1851 2922 adhibito
1881 2877 2033 2920 statuit

314 2948 455 2990 Klebs
481 2947 535 3001 ef.
566 2961 698 3001 supra
726 2948 803 2989 vol.
836 2948 869 2990 I
884 2963 931 3002 p.
957 2949 1040 3002 84).
1101 2949 1151 2991 Τ.
1183 2948 1224 3003 f.,
1258 2948 1373 2990 tribu
1405 2948 1590 3001 Galeria,
1623 2947 1790 3002 legatus
1821 2946 1934 3000 Aug.
1967 2945 2029 2998 (in

314 3017 557 3069 Britannia)
588 3019 617 3057 t.
640 3015 784 3058 Devae
802 3031 888 3070 rep.
922 3017 1016 3059 VII
1029 3021 1120 3059 164.
1171 3017 1375 3059 Fortasse
1404 3017 1514 3059 idem
1543 3017 1616 3070 qui
1635 3014 1867 3070 praeeedit,
1897 3016 1946 3055 ut
1975 3012 2034 3055 ad

313 3098 404 3127 eum
433 3084 480 3126 in
508 3083 744 3125 Britannia
773 3084 981 3138 deyentern
1011 3085 1135 3127 datae
1165 3086 1251 3127 sint
1280 3085 1422 3127 Plinii
1451 3084 1653 3139 epistulae
1683 3087 1721 3134 9,
1754 3085 1819 3125 16.
1849 3084 1929 3132 25,·
1958 3080 2032 3123 sed

315 3152 477 3194 litteras
515 3151 631 3193 tituli
665 3151 825 3193 saeculi
849 3153 910 3194 II
935 3154 1120 3194 exeuntis
1152 3166 1236 3195 esse
1262 3152 1426 3195 iudicat
1455 3152 1508 3194 K
1511 3152 1596 3194 lebs
1625 3151 1675 3206 (l.
1704 3149 1769 3205 e).
1837 3150 1905 3193 De
1940 3150 2031 3194 Vet-

314 3220 485 3262 toniano
514 3219 649 3273 leqato
678 3220 836 3273 Lyciae
867 3221 921 3273 ef.
952 3221 1075 3273 infra
1105 3234 1135 3262 s.
1167 3234 1203 3262 v.
1239 3220 1525 3264 Vettonianus.

231 3290 286 3331 94
316 3295 359 3339 Q.
390 3287 674 3341 MAMILGVS)
706 3293 1031 3329 CAPITOLINVS
1072 3288 1278 3330 iuridicus
1319 3303 1396 3345 per
1425 3288 1684 3330 Flaminiam
1720 3293 1762 3329 et
1790 3286 2030 3337 Umbriam,

318 3356 486 3410 legatus
516 3355 701 3410 Augusti
732 3370 809 3412 per
839 3355 1064 3397 Asturiam
1101 3363 1143 3397 et
1173 3356 1453 3410 Callaeciam,
1490 3355 1581 3398 dux
1610 3355 1794 3409 legionis
1823 3354 2031 3410 septimae

326 3424 537 3467 Geminae
565 3439 606 3480 p.
638 3423 679 3476 f.,
713 3423 953 3480 praefectus
984 3424 1138 3466 aerarii
1165 3424 1339 3467 Saturni
1365 3423 1511 3466 titulus
1528 3422 1817 3466 Asturieensis
1837 3422 1898 3464 II
1909 3424 2032 3466 2634..
