2190 3724
118 298 358 336 DOMITIVS
999 289 1016 330 l
1026 289 1050 331 7
1686 294 1717 328 D
1724 294 1929 331 OMITIVS

153 430 234 474 107
267 436 344 472 CN.
382 435 622 471 DOMITIVS
674 433 810 469 AFER
859 433 1023 468 TITIVS
1074 432 1378 467 MARCELLVS
1428 431 1640 467 CVRVIVS
1690 431 1935 468 LVCANVS.

238 498 404 542 Titulus
429 497 661 552 Ful-aindas
679 496 760 538 XI
770 498 884 539 5210
906 493 987 551 (1),·
1018 509 1109 537 eum
1139 496 1277 548 fratre
1304 493 1427 536 Tullo
1455 497 1712 536 ‘memoratur
1742 495 1785 536 iu
1816 495 1937 549 cippo

234 566 450 610 terminali
479 566 643 608 urbano
663 564 787 607 Bull.
811 578 912 606 eom.
935 566 1049 606 1882
1070 578 1118 618 p.
1141 567 1232 613 161,
1254 566 1336 605 560
1357 562 1420 618 (2)
1447 565 1486 604 et
1515 563 1562 604 in
1590 563 1938 616 inser‘e‘pte'mefilms

234 636 370 690 operis
409 634 553 689 fictilis
592 637 632 676 et
670 633 830 675 urbani
869 635 908 674 et
947 632 1213 686 Pompeiani,
1261 631 1376 674 CIL.
1408 630 1508 672 XV
1530 645 1578 684 p.
1610 635 1696 674 269
1727 630 1800 687 (3).
1866 632 1935 685 Cf.

231 703 404 747 Dressel
430 702 744 757 Ze'eyelstempel
773 701 811 744 (l.
842 701 957 744 Gens
981 700 1178 743 Domitia
1198 715 1247 754 p.
1272 703 1309 749 7,
1341 699 1455 742 CIL.
1478 699 1578 741 XV
1590 714 1637 753 p.
1659 704 1756 742 266.
1803 700 1937 742 Plene

231 773 404 815 nomina
433 771 598 814 eoela'bet
632 774 660 813 t.
682 774 720 821 1,
752 770 972 812 Domitius
1004 770 1208 811 Lucanus
1239 768 1427 818 Plinius,
1460 768 1664 810 Lucanus
1687 769 1938 820 Martialis,·

231 841 318 883 duo
345 841 526 883 Domitii
554 843 582 882 t.
608 843 651 890 2,
683 838 770 881 duo
795 839 988 892 Domitii⁷
1022 838 1101 881 Cn.
1124 837 1203 880 Cn.
1226 837 1420 890 Domitii,
1455 837 1638 879 Domitii
1659 837 1863 880 Lucanus
1895 844 1938 879 et

231 908 404 963 Tullus,
445 908 531 951 duo
561 908 743 950 Domitii
773 908 977 949 Lucanus
1009 913 1051 948 ct
1080 905 1256 958 Tullus,
1295 905 1373 949 Cn.
1402 905 1482 948 Cn.
1514 906 1698 947 Domitii
1729 906 1936 949 Lucanus

232 985 276 1021 et
304 977 458 1020 Tullus
489 980 516 1019 t.
547 980 587 1027 3,
620 976 669 1018 de
698 977 790 1030 ipso
821 979 860 1018 et
888 976 1052 1030 frat-re:
1081 974 1275 1031 Cur[v]ii
1306 974 1462 1016 fratres
1496 974 1724 1017 Martialis
1742 978 1782 1026 5,
1814 979 1885 1026 28,
1910 979 1938 1017 3

231 1061 282 1090 ea:
313 1046 599 1089 ernendatione
628 1044 945 1088 Friedlanslere‘.
1006 1044 1106 1087 Sex,
1139 1043 1181 1098 f„
1224 1042 1342 1086 tribu
1372 1042 1488 1086 Volt.
1522 1046 1550 1085 t.
1583 1047 1620 1085 1.
1682 1044 1813 1086 Pater
1845 1044 1935 1085 eius

233 1115 352 1169 (Sex,
375 1114 564 1158 Curvius
586 1113 819 1156 Marcellus
830 1112 871 1168 P)
902 1114 1017 1154 inter
1047 1127 1182 1154 annos
1211 1113 1266 1154 42
1298 1118 1341 1153 et
1370 1112 1424 1154 59
1455 1127 1482 1154 a
1511 1111 1590 1154 Cn.
1613 1112 1806 1155 Domitio
1828 1111 1936 1155 Afro

231 1190 458 1226 accusatus
479 1188 522 1225 et
542 1182 770 1224 damnatus
792 1181 913 1224 Plin.
935 1196 997 1235 ep.
1018 1185 1058 1231 8,
1083 1184 1148 1231 18,
1170 1184 1210 1223 5.
1240 1181 1340 1236 Ipse
1361 1180 1416 1222 ab
1439 1180 1590 1222 eodem
1611 1180 1805 1223 Domitio
1828 1181 1936 1223 Afro

231 1267 318 1295 una
346 1266 445 1294 cum
476 1250 603 1293 Tullo
634 1250 767 1293 fratre
797 1251 842 1292 in
872 1264 1029 1292 nomen
1060 1249 1317 1306 adsumptus
1348 1249 1469 1291 Plv‘n.
1501 1249 1527 1291 l.
1560 1263 1593 1291 e.
1653 1249 1939 1303 Quattuorvir

232 1323 400 1364 viarum
427 1319 738 1374 curandarum3
770 1320 975 1362 tribunus
1005 1318 1191 1361 militum
1220 1318 1400 1372 legionis
1421 1318 1463 1360 V
1484 1317 1704 1372 Alaudaez,
1735 1324 1939 1374 quaestor

232 1405 309 1446 pro
339 1405 403 1446 pr.
435 1390 686 1446 provinciae
715 1388 916 1442 Africae3
949 1388 1149 1430 tribunus
1180 1386 1344 1444 plebis3
1376 1392 1549 1443 praetor
1580 1389 1608 1428 t.
1639 1390 1678 1428 1.
1729 1385 1937 1428 Adlectus

230 1459 343 1501 inter
377 1459 582 1514 patricios
613 1461 642 1500 t.
673 1461 721 1508 1,
763 1472 791 1499 a
831 1457 1088 1511 Vespasiano
1132 1459 1172 1498 et
1206 1456 1301 1498 Te'to
1331 1455 1573 1498 censoribus
1602 1458 1650 1496 ut
1678 1455 1856 1506 ridetur,
1892 1454 1940 1497 id

232 1531 293 1571 est
321 1542 360 1570 a.
385 1530 437 1569 73
456 1527 520 1569 rel
542 1530 606 1569 74.
654 1526 906 1569 Praefectus
936 1525 1198 1568 auxiliorum
1227 1525 1417 1566 omnium
1447 1523 1658 1566 adversus
1682 1525 1934 1574 Germanos,

233 1612 259 1638 a
294 1595 562 1652 Vespasiano
604 1602 646 1637 et
681 1595 781 1637 Tito
822 1594 1010 1638 Caesare
1049 1594 1234 1636 donatus
1275 1593 1400 1635 donis
1440 1592 1724 1647 militaribus3
1769 1592 1937 1648 legatus

231 1666 475 1722 praetorius
516 1666 787 1722 imperatoris
828 1664 1027 1708 Caesaris
1057 1663 1247 1719 Augusti
1288 1662 1566 1717 (Domitiani)
1607 1676 1730 1718 prov.
1761 1660 1938 1703 Africae

232 1733 341 1787 (scil.
382 1733 655 1788 Numidiae)3
702 1732 854 1775 consul
898 1735 955 1787 (a.
997 1733 1122 1787 inc.):,
1173 1730 1404 1788 proconsul
1445 1731 1698 1787 provinciae
1737 1729 1937 1783 Africae3

232 1801 402 1858 legatus
435 1802 553 1846 Tulli
582 1802 729 1845 fratris
759 1800 1028 1859 proconsulis
1059 1801 1309 1857 provinciae
1338 1799 1516 1842 Africae
1552 1797 1658 1851 (iam
1690 1797 1938 1853 proconsul,

232 1886 325 1914 eum
360 1871 510 1914 Tullus
541 1872 680 1925 frater
713 1872 852 1913 minor
893 1873 1001 1913 certe
1032 1873 1134 1923 post
1173 1883 1266 1911 eum
1304 1869 1437 1922 suerit
1469 1867 1714 1923 proconsul,
1756 1867 1939 1920 fortasse

232 1941 324 1995 ipso
355 1954 466 1983 anno
495 1941 570 1994 qui
596 1940 847 1994 sequebatur
866 1938 1214 1993 proconsulatum
1247 1938 1422 1994 ipsius),·
1452 1937 1685 1993 septemvir
1706 1934 1940 1992 epulonum

194 2052 206 2054 ,
232 2011 261 2051 t.
290 2012 328 2051 1.
388 2009 604 2051 Patronus
633 2007 948 2063 Fulginiatium
981 2010 1008 2048 t.
1041 2010 1078 2048 1.
1140 2007 1288 2050 Gener
1317 2006 1367 2050 T.
1401 2005 1572 2048 Curtilii
1605 2004 1804 2046 Manciae
1840 2018 1940 2045 con-

232 2076 337 2119 sulis
367 2093 406 2120 a.
432 2077 487 2119 55
519 2076 640 2118 Plin.
674 2091 737 2131 ep.
766 2079 807 2127 8,
839 2079 904 2126 18,
936 2079 975 2118 4.
1037 2074 1226 2117 Consors
1265 2073 1412 2116 fratris
1443 2073 1563 2115 Plr'n.
1604 2088 1667 2127 ep.
1708 2075 1749 2123 8,
1790 2074 1855 2122 18,
1897 2075 1937 2122 4,

230 2145 390 2189 seilicet
408 2145 605 2188 videntur
616 2146 929 2200 patrimonium
957 2158 1043 2186 non
1064 2143 1242 2186 dimisum
1269 2143 1606 2192 administrasse,
1632 2141 1743 2184 uncle
1766 2141 1940 2183 nomina

232 2229 376 2258 eorum
405 2215 630 2257 coniuncta
664 2214 858 2269 leyuntur
888 2217 917 2256 t.
947 2218 990 2256 2.
1021 2216 1060 2255 3.
1121 2211 1281 2254 Filiam
1317 2213 1360 2253 in
1392 2211 1665 2267 adoptionem
1697 2209 1773 2252 dat
1802 2209 1936 2262 fratri,

233 2290 282 2326 ut
325 2289 629 2326 testamentum
668 2283 804 2324 soceri
844 2281 1171 2324 circumscribat
1202 2280 1322 2323 Plin.
1363 2279 1390 2322 l.
1422 2294 1457 2322 e.
1518 2279 1730 2321 Pietatem
1765 2278 1857 2320 eius
1897 2284 1940 2320 et

233 2351 380 2395 fratris
419 2359 615 2394 mutuam
649 2350 840 2393 celebrat
870 2350 1100 2393 Martialis
1129 2354 1177 2400 1,
1207 2353 1261 2391 36
1274 2363 1287 2400 ,·
1328 2363 1402 2391 rus
1443 2349 1534 2390 eius
1574 2355 1616 2390 et
1650 2347 1796 2389 fratris
1827 2361 1939 2388 com·

233 2427 443 2463 memorat
472 2420 583 2463 idem
602 2423 641 2470 3,
663 2423 735 2470 20,
758 2423 814 2462 17
822 2433 835 2470 ,·
867 2433 965 2461 eum
996 2420 1138 2474 ipsum
1167 2423 1216 2459 ut
1235 2416 1410 2458 videtur
1439 2415 1690 2471 adloquitur
1711 2418 1752 2466 8,
1777 2418 1840 2465 75,
1864 2418 1939 2465 15;

234 2496 415 2533 mortem
446 2490 537 2532 eius
568 2488 735 2545 plangit
761 2489 891 2543 (anno
922 2488 1096 2530 circiter
1126 2486 1200 2540 94)
1233 2490 1272 2536 9,
1302 2489 1369 2528 51.

150 2570 231 2613 108
264 2576 342 2613 CN.
372 2576 615 2612 DOMITIVS
645 2575 1033 2622 AHENOBARBVS,
1074 2568 1126 2609 L.
1156 2566 1199 2621 fi,
1233 2566 1311 2609 Cn.
1344 2580 1399 2619 n.,
1441 2580 1525 2607 cos.
1557 2580 1595 2607 a.
1629 2565 1725 2618 722,
1758 2565 1940 2606 moritur

234 2640 326 2695 ipso
357 2653 471 2681 anno
502 2653 674 2695 pugnae
701 2638 906 2680 Actiacae
935 2637 1051 2691 Suet.
1076 2635 1180 2678 Ner.
1200 2639 1251 2685 3;
1281 2634 1368 2677 Dio
1398 2638 1465 2685 50,
1498 2637 1564 2676 13.
1621 2632 1688 2687 Cf.
1711 2632 1940 2676 Drumann

233 2707 322 2750 III
335 2722 383 2762 p.
415 2711 474 2751 24
503 2721 606 2761 seq.,·
635 2706 846 2761 Boryhesl
875 2720 969 2760 opp.
1000 2709 1032 2749 2
1055 2719 1102 2759 p.
1133 2707 1186 2747 51
1215 2717 1298 2757 seq.

152 2787 233 2829 109
265 2793 343 2829 CN.
382 2793 623 2829 DOMITIVS
665 2791 1034 2828 AHENOBARBVS
1076 2780 1153 2836 (sie
1185 2783 1313 2838 plene
1352 2786 1433 2825 aet.
1465 2782 1570 2824 Are.
1613 2796 1654 2824 a.
1683 2785 1739 2823 38
1782 2784 1821 2824 et
1851 2781 1939 2824 III

235 2855 281 2898 S.
304 2859 426 2906 6809,
459 2855 537 2898 Cn.
560 2855 779 2897 Domitius
811 2854 912 2897 Vell.
933 2858 976 2904 2,
999 2857 1065 2895 10.
1090 2855 1158 2902 72,
1197 2852 1236 2894 Τ
1232 2865 1294 2894 ae.
1318 2865 1416 2894 ann.
1448 2851 1632 2905 saepius,
1665 2849 1744 2893 Cn.
1767 2849 1938 2892 Aheno-

233 2923 395 2966 barbus
433 2924 530 2966 Tae.
568 2938 607 2966 a.
648 2927 718 2974 12,
749 2927 788 2974 3,
833 2924 1009 2967 Gnaeus
1047 2921 1144 2964 Tae.
1187 2935 1227 2962 a.
1260 2923 1329 2970 12,
1362 2923 1436 2970 64,
1482 2920 1533 2962 L.
1565 2919 1785 2961 Domitius
1822 2919 1938 2961 Suet.

240 2991 368 3035 Galb.
393 2996 432 3043 6,
466 3007 620 3042 errore,
652 2992 870 3034 Domitius
902 2988 1218 3033 Ahenobarbus
1242 2988 1347 3030 Via.
1376 3002 1438 3042 ep.
1465 2991 1504 3038 5,
1534 2991 1572 3038 1,
1605 2987 1794 3043 Δομέτιος
1822 2985 1935 3028 Ἡνό-

234 3062 379 3118 βαρβος
418 3061 504 3105 Ios.
548 3063 637 3103 ant.
678 3064 749 3110 20,
787 3063 826 3102 8.
868 3063 915 3110 1,
957 3059 1176 3101 Domitius
1208 3057 1324 3100 Suet.
1369 3056 1473 3098 Ner.
1505 3060 1531 3098 6
1541 3069 1554 3107 ;
1601 3055 1729 3098 Gall).
1759 3058 1811 3105 5,·
1850 3054 1938 3096 Dio

233 3131 300 3179 58,
322 3133 393 3172 20.
414 3132 477 3172 27
485 3143 499 3180 ,·
529 3132 595 3179 61,
617 3132 671 3180 2,·
702 3128 806 3171 Vict.
832 3128 952 3171 Caes.
972 3131 1012 3178 5,
1035 3130 1084 3178 1;
1115 3125 1372 3184 Ἀηνόβαρβος
1393 3125 1513 3167 Plut.
1536 3124 1639 3166 Ant.
1663 3126 1722 3165 87
1731 3137 1743 3174 ,·
1774 3124 1817 3165 in
1845 3137 1939 3164 eon-

238 3196 381 3239 sulatu
402 3197 480 3240 Cn.
503 3197 723 3239 Domitius
745 3196 1075 3249 Ahenobarbus,
1110 3195 1189 3238 Cn.
1212 3195 1430 3236 Domitius
1460 3193 1523 3235 vel
1549 3194 1689 3246 Dom.‚
1722 3192 1939 3234 Domitius

233 3264 562 3320 Ahenobarbus,
588 3265 936 3320 Ahenobarbus).
986 3263 1122 3307 Filius
1144 3263 1195 3305 L.
1226 3262 1406 3305 Domitii
1435 3261 1713 3304 Ahenobarbi
1736 3258 1810 3311 (D.
1842 3263 1938 3315 110)

238 3332 340 3375 Vell.
371 3337 415 3383 2,
445 3336 525 3384 72;
567 3333 682 3376 Suet.
717 3333 821 3375 Ner.
852 3336 891 3377 5.
961 3333 1136 3375 Iuvenis
1169 3331 1409 3385 appellatur
1451 3344 1478 3371 a
1519 3329 1673 3372 Velleio
1703 3335 1755 3378 2,
1784 3331 1849 3370 10.
1884 3331 1940 3371 72

198 3404 477 3440 Prosopographia
494 3405 575 3440 Imp.
594 3405 686 3433 Rom.
722 3405 766 3434 11.
1643 3397 1665 3430 2
