2190 3724
270 276 468 311 EVODVS
1143 268 1198 309 42
1783 273 2079 309 EVPHRATES

356 412 551 461 sumptus
590 406 635 446 in
665 403 778 446 bello
809 410 958 445 contra
988 402 1285 445 Mithridatem
1316 401 1516 456 fratrem3
1553 403 1591 444 ei
1621 402 1778 444 deinde
1806 402 2080 445 Mithridates

353 489 399 515 se
430 472 607 515 tradidit
641 473 740 514 Tae.
763 486 802 513 a.
825 475 894 521 12,
917 474 982 514 15.
1006 474 1165 514 18-20.

268 543 324 584 84
354 541 545 595 Euodus,
578 540 742 582 Tiberii
773 539 966 593 libertus,
999 553 1127 595 quem
1157 539 1335 581 maximi
1367 539 1553 582 faciebat
1574 546 1781 595 patronus
1803 539 1967 594 Ioseph.
1991 542 2078 581 ant.

352 613 417 659 18,
441 613 478 658 6,
502 612 541 650 8.
566 612 604 651 9.
1597 654 1600 657 Α

269 678 324 720 85
354 677 532 719 Euodus
562 675 765 729 libertus,
798 676 952 717 missus
983 690 1021 717 a.
1052 675 1107 717 48
1139 675 1183 716 in
1214 675 1359 717 hortos
1390 675 1670 717 Lucullianos
1702 676 1776 732 qui
1806 675 2081 718 Messallinae

353 744 527 787 eaedem
564 743 788 786 festinaret
827 744 925 786 Tao.
953 757 992 785 a.
1024 746 1089 794 11,
1120 746 1188 785 37.
1237 743 1444 786 Fortasse
1481 757 1567 786 uon
1607 743 1796 786 diversus
1836 744 1890 786 ab
1933 758 1979 787 eo
2007 744 2082 798 qui

355 812 586 867 praecedit.

268 883 323 924 86
354 881 550 935 Euodus,
593 880 706 935 Aug.
743 879 770 922 l.
801 879 889 922 Dio
922 883 996 931 76,
1028 883 1066 930 6,
1101 879 1351 922 Caracallae
1390 881 1597 935 nutritor3
1637 895 1715 936 per
1755 895 1856 922 eum
1896 879 2081 921 insidiae

354 949 571 992 Plautiani
593 949 834 1005 patefactae
854 948 944 991 Dio
966 952 1030 999 76,
1052 951 1091 990 3.
1142 948 1342 990 Honores
1373 949 1410 990 ei
1442 964 1468 990 a
1497 955 1649 991 senatu
1674 948 1869 991 decretos
1893 947 2081 991 Severus

353 1018 539 1060 inhibuit
553 1018 609 1060 ib.
628 1031 660 1059 c.
678 1021 717 1059 6.
759 1018 915 1059 Postea
936 1017 1188 1059 interfectus
1209 1032 1234 1059 a
1255 1016 1479 1059 Caracalla
1499 1018 1555 1059 ib.
1579 1020 1617 1059 et
1633 1020 1697 1067 77,
1716 1021 1742 1059 1
1761 1016 1883 1068 (Zo‘h.
1905 1019 1974 1066 12,
1992 1018 2079 1071 12).

267 1087 320 1129 87
353 1087 438 1140 (Τί.
469 1085 624 1139 Iulius)
657 1086 850 1142 Eupator
880 1100 959 1127 rex
988 1085 1182 1142 Bospori.
1246 1085 1442 1127 Nummi:
1474 1084 1649 1128 Koehrte
1677 1087 1814 1128 muse'e
1845 1084 2081 1127 Kotschou-

355 1156 429 1209 bey
449 1155 510 1197 II
523 1169 571 1209 p.
593 1158 681 1197 267
697 1168 792 1208 seq„
824 1154 1118 1196 Buratsohhov
1148 1155 1233 1196 tab.
1256 1154 1429 1196 XXIX
1445 1169 1486 1196 u.
1509 1157 1589 1197 195
1608 1167 1690 1208 seq.
1738 1154 2007 1196 Memoratur
2035 1153 2082 1195 iu

355 1223 488 1265 titulis
533 1223 770 1265 Tanaiticis
800 1222 948 1265 CIGr.
975 1226 1092 1266 2132
1108 1236 1128 1264 c
1160 1242 1214 1257 z
1244 1222 1476 1277 Latyschev
1515 1223 1641 1265 mser.
1675 1222 1806 1264 Ponti
1840 1221 2008 1264 Euxini
2036 1225 2079 1270 2,

352 1295 442 1334 422
463 1290 546 1347 (1);
575 1291 806 1345 Latysohev
826 1295 868 1341 2,
890 1293 972 1333 438
993 1290 1080 1347 (2);
1110 1292 1167 1333 ib.
1188 1294 1269 1333 439
1291 1290 1363 1346 (3).
1413 1291 1608 1347 Eupator
1629 1291 1847 1333 Luciauus
1866 1289 1989 1334 Aleoe.
2011 1291 2078 1339 57,

355 1361 548 1418 βασιλέως
586 1359 814 1416 Εὐπάτορος
851 1360 1032 1409 nummi,
1083 1358 1261 1418 Τιβέριος
1299 1359 1459 1406 Ἰούλιος
1503 1359 1698 1416 Εὐπάτωρ
1744 1359 1976 1416 φιλόκαισαρ
2017 1358 2082 1400 καὶ

355 1431 635 1485 φιλορώμαιος,
669 1428 835 1486 εὐσεβής
862 1428 926 1469 tit.
971 1427 1203 1482 Negotium
1234 1428 1347 1469 inter
1377 1442 1473 1470 eum
1495 1434 1537 1470 et
1557 1426 1905 1470 Rhoemetalcem
1934 1439 2080 1481 regem

354 1497 548 1552 Bospori,
581 1497 649 1538 cui
673 1502 820 1552 postea
841 1497 1057 1550 successit,
1092 1495 1340 1538 Antoninus
1370 1497 1474 1539 Pius
1505 1496 1566 1538 ita
1596 1496 1780 1550 diremit,
1804 1501 1853 1537 ut
1871 1494 2079 1537 Rhoeme-

355 1564 508 1607 talcem
544 1566 588 1606 in
629 1579 810 1619 regnum
850 1565 1086 1606 remitteret
1115 1565 1187 1606 vit.
1219 1564 1322 1606 Aut.
1355 1564 1431 1606 Pii
1449 1567 1487 1614 9,
1529 1564 1651 1606 modo
1690 1567 1800 1606 recte
1839 1568 2081 1605 curatorem

353 1633 464 1686 quocl
492 1633 698 1682 traditur,
739 1632 905 1687 Caryus
933 1633 1030 1674 hist.
1063 1632 1134 1675 cles
1163 1633 1251 1674 rois
1282 1632 1338 1675 du
1367 1632 1587 1686 Bosphoro
1608 1647 1657 1686 p.
1690 1635 1742 1674 64
1771 1631 1997 1674 mutaverit
2034 1631 2082 1673 in

352 1702 627 1755 Eupatorem.
680 1701 774 1743 Rex
804 1701 986 1757 Bospori
1017 1701 1118 1743 inde
1148 1701 1204 1743 ab
1234 1716 1260 1743 a
1294 1702 1374 1743 451
1409 1715 1534 1743 aerae
1564 1701 1693 1757 Bosp.
1725 1699 1871 1755 (154s5
1899 1714 1940 1756 p.
1961 1699 2080 1754 Chr.)

354 1785 491 1826 usque
521 1769 576 1812 ad
606 1785 644 1812 a.
674 1771 897 1812 minimum
926 1769 1008 1812 467
1042 1769 1183 1824 (160l1
1218 1785 1259 1825 p.
1291 1768 1424 1823 Chr),
1461 1768 1642 1811 fortasse
1672 1783 1810 1825 usque
1839 1767 1896 1810 ad
1927 1783 1964 1810 a.
1996 1768 2075 1811 471

357 1837 502 1892 (174s5
527 1853 569 1894 p.
593 1837 714 1892 Chr.)
737 1838 908 1880 nummi.
959 1838 1148 1893 Legatos
1179 1838 1271 1879 eius
1303 1837 1513 1879 tributum
1543 1852 1735 1880 annuum
1763 1838 1810 1879 in
1830 1836 2082 1893 Bithyniam

356 1906 430 1960 (ad
460 1905 650 1960 legatum
681 1907 773 1948 sine
803 1905 936 1948 dubio
967 1921 1044 1963 pro
1075 1906 1292 1962 praetore)
1323 1906 1510 1948 ferentes
1530 1911 1741 1948 memorat
1759 1906 1977 1948 Isuoiauus
1997 1904 2024 1947 l.
2046 1919 2080 1947 o.

267 2000 325 2004 —
356 1981 580 2016 AVRELIA
611 1981 888 2017 EVPHEMIA.

269 2043 323 2085 88
355 2042 628 2099 Euphemus,
670 2043 912 2085 Domitiani
954 2057 1103 2085 servus
1138 2042 1208 2085 vel
1245 2042 1449 2098 libertus3
1491 2043 1571 2086 sub
1610 2043 1703 2085 eius
1734 2057 1840 2085 cura
1869 2056 1976 2084 cena
2005 2042 2080 2083 im-

353 2113 563 2167 peratoris
586 2112 813 2154 Martialis
831 2116 870 2162 4,
891 2115 931 2162 8,
956 2115 994 2154 7.
1942 2116 1943 2119 ’

267 2204 325 2209 -—
354 2186 406 2221 M.
439 2186 680 2221 DOMITIVS
710 2186 995 2222 EVPHEMVS.

267 2248 322 2290 89
353 2248 625 2304 Euphorbus,
648 2249 762 2303 regis
783 2248 917 2291 Iubae
937 2248 1140 2301 medicus,
1162 2248 1298 2291 frater
1316 2248 1497 2291 Antonii
1512 2249 1664 2291 Musae
1680 2248 1801 2290 Pliu.
1818 2248 1857 2290 h.
1874 2261 1917 2290 n.
1930 2249 2000 2298 25,
2015 2250 2079 2289 77.

267 2317 322 2359 90
353 2316 574 2372 Euphorio
606 2316 727 2370 (Euf-
757 2316 874 2371 libri)
904 2316 1128 2371 litterator,
1161 2331 1247 2373 quo
1273 2318 1479 2372 magistro
1505 2317 1561 2359 ad
1587 2318 1726 2374 prima
1746 2316 1956 2358 elementa
1975 2328 2080 2356 usus

355 2391 418 2426 est
447 2385 620 2427 Marcus
651 2386 754 2441 imp.
785 2386 856 2427 vit.
880 2385 1030 2427 Marci
1046 2389 1089 2436 2,
1112 2389 1155 2429 2.

269 2453 317 2494 91
354 2452 620 2508 Euphrates,
663 2453 824 2509 Tyrius
865 2453 1159 2496 Philostratus
1195 2454 1266 2496 vit.
1306 2454 1422 2508 soph.
1454 2457 1501 2504 1,
1535 2457 1563 2495 7
1570 2467 1583 2504 ;
1619 2456 1689 2503 25,
1721 2456 1758 2508 5,
1802 2452 1939 2507 Syrus
1978 2451 2081 2508 Epi-

353 2520 599 2577 phaniensis
624 2521 862 2575 Stephanus
883 2522 987 2576 Byz.
1018 2535 1051 2564 s.
1082 2536 1118 2564 v.
1151 2522 1384 2580 Ἐπιφάνεια
1410 2522 1475 2577 (p.
1497 2525 1582 2566 274
1605 2521 1771 2577 Mein),
1800 2519 2081 2577 philosophus

354 2590 514 2631 stoicus
531 2590 771 2644 Stephanus
792 2590 818 2632 l.
837 2604 870 2632 c.
902 2590 953 2632 In
970 2590 1099 2646 Syria
1119 2591 1293 2633 auditur
1308 2606 1334 2633 a
1351 2590 1491 2633 Plinio
1513 2590 1679 2632 iuniore
1700 2588 1874 2631 tribuno
1896 2587 2081 2630 militum

355 2657 473 2699 Pliu.
497 2672 558 2711 ep.
578 2662 616 2708 1,
638 2661 704 2700 10.
753 2658 916 2700 Romae
944 2658 1071 2700 docet
1098 2674 1135 2700 a.
1158 2659 1211 2701 97
1241 2660 1298 2701 ib.
1332 2659 1493 2715 Sponte
1522 2659 1707 2700 moritur
1735 2659 1898 2700 Romae
1927 2671 1965 2699 a.
1999 2656 2080 2699 118
2150 2698 2151 2703 ,

354 2725 443 2768 Dio
463 2729 528 2776 69,
551 2728 591 2767 8.
634 2726 780 2769 Gener
796 2727 991 2782 Pompeii
1013 2726 1171 2769 Iuliani
1200 2728 1409 2784 principis
1433 2727 1685 2784 provinciae
1703 2726 1856 2782 Syriae
1871 2725 1987 2768 Plin.
2005 2724 2032 2767 l.
2045 2739 2079 2768 c.

356 2794 623 2836 Memoratur
649 2809 675 2836 a
698 2794 918 2837 Frontone
945 2795 1003 2837 ad
1027 2795 1178 2837 Verum
1199 2796 1234 2837 I
1262 2810 1310 2849 p.
1332 2798 1411 2839 115
1444 2795 1559 2837 Nab.
1584 2793 1651 2848 (p.
1673 2797 1757 2837 125
1779 2794 1864 2850 M.)
1873 2807 1887 2845 ,·
1921 2793 2076 2836 Euseb.

352 2863 428 2904 sub
452 2862 611 2904 a.Abr.
630 2866 741 2905 2136
761 2861 825 2916 (p.
851 2862 898 2905 C.
910 2865 1028 2918 122).
1066 2863 1355 2905 Adversarius
1378 2870 1420 2905 et
1440 2863 1705 2905 obtrectator
1723 2861 1943 2918 Apollonii
1964 2861 2079 2917 Tya-

353 2931 498 2972 nensis
528 2930 821 2973 Philostratus
849 2931 920 2972 vit.
947 2931 1089 2985 Apoll.
1112 2935 1137 2973 1
1168 2945 1201 2973 o.
1223 2935 1299 2983 13;
1328 2935 1359 2975 2
1380 2946 1413 2974 a.
1436 2935 1496 2974 27
1504 2945 1517 2982 ‚·
1545 2934 1571 2973 5
1603 2945 1635 2973 c.
1657 2933 1728 2974 27.
1748 2934 1815 2972 31.
1836 2932 1902 2972 33.
1923 2933 1990 2971 34.
2010 2933 2078 2972 37.

352 3002 420 3040 38.
443 3002 497 3041 39
507 3012 520 3049 ;
551 3002 576 3040 6
607 3012 640 3040 o.
663 3002 762 3041 7—9.
786 3002 840 3040 13
850 3012 863 3050 ,·
893 3000 1089 3040 convicia
1118 2998 1338 3055 Apollonii
1369 3000 1412 3040 in
1445 3014 1544 3041 eum
1572 2999 1629 3041 ib.
1651 3002 1679 3040 8
1709 3012 1743 3040 o.
1767 3002 1804 3048 7,
1826 3001 1890 3040 11.

269 3067 325 3109 92
355 3066 599 3122 Euphrates
630 3082 656 3108 a
686 3067 923 3109 rationibus
955 3067 994 3120 (ὁ
1019 3068 1258 3122 καθολικὸς),
1301 3067 1382 3109 sub
1413 3067 1573 3121 Marco,
1605 3066 1872 3122 temporibus
1903 3064 2077 3121 expedi-

354 3135 482 3176 tionis
504 3134 789 3178 Germanicae
818 3134 1006 3177 Galeuus
1034 3137 1121 3192 περὶ
1151 3137 1359 3178 ἀντιδοτῶν
1385 3139 1423 3185 1,
1453 3139 1479 3177 1
1510 3131 1652 3186 (XIV
1663 3149 1712 3188 p.
1732 3138 1759 3176 4
1781 3134 1858 3190 Κ.)
1902 3133 1972 3175 Ab
2002 3132 2079 3176 hoc

351 3203 531 3255 fortasse
560 3216 645 3244 nori
675 3202 862 3244 diversus
889 3202 1133 3256 Euphrates
1160 3206 1416 3245 memoratus
1442 3217 1469 3244 a
1491 3203 1647 3245 Marco
1667 3202 1824 3244 Auton.
1847 3205 1914 3252 10,
1935 3204 2002 3244 31.
2017 3225 2076 3231 —

351 3270 590 3324 Aur(elius)
629 3270 872 3326 Euphrates
913 3272 933 3313 ὁ
973 3273 1174 3328 κράτιστος
1213 3272 1417 3328 ἐπίτροπος
1455 3275 1523 3314 τοῦ
1563 3271 1766 3329 Σεβαστοῦ
1806 3273 1834 3312 t.
1878 3268 2077 3312 Milesius

355 3338 494 3381 Rovue
525 3338 639 3380 arch.
661 3341 719 3382 28
750 3337 891 3394 (1874)
914 3353 961 3394 p.
984 3342 1077 3390 111,
1109 3339 1290 3393 fortasse
1319 3338 1440 3381 idem.
1485 3338 1613 3381 Alius
1642 3338 1805 3380 videtur
1834 3337 2078 3394 Euphrates
