2202 3724
240 311 405 347 IVLIVS
1104 301 1185 344 180
1874 305 2038 342 IVLIVS

330 441 428 484 Tac.
461 454 500 484 a.
534 442 571 490 1,
603 442 670 483 62.
700 442 742 489 2,
775 440 831 480 83
841 451 854 489 ;
894 436 1021 479 tituli.
1081 436 1236 478 Frater
1264 434 1438 477 Arvalis
1470 435 1564 491 (per
1594 434 1794 478 tabellam
1826 438 2043 494 cooptavit

332 510 384 551 14
414 508 516 552 Mai.
546 508 616 561 14)
659 509 740 548 act.
770 505 876 548 Arv.
905 505 1000 560 (om.
1033 503 1178 559 tituli).
1238 502 1408 546 Sodalis
1437 502 1709 559 Augustalis,
1748 504 1888 547 faetus
1917 520 1956 548 a.
1989 506 2044 548 14

331 577 428 620 Tac.
455 590 494 619 a.
525 578 563 625 1,
585 578 638 617 54
669 574 764 626 (om.
796 573 939 629 tituli).
989 571 1171 614 Flamen
1200 570 1455 626 Augustalis
1486 571 1612 623 tituli,
1645 573 1698 626 cf.
1726 573 1824 616 Tac.
1848 587 1888 615 a.
1908 577 1953 624 2,
1973 576 2041 616 83.

325 641 528 687 Pontifex
560 642 732 684 V4308.
763 641 812 684 X
836 643 918 684 513
941 640 1043 696 (om.
1074 639 1229 693 reliqui
1259 639 1374 681 tituli
1408 642 1577 696 omnes).
1612 665 1663 671 —
1700 640 2042 698 Quinquennalis

325 713 561 754 Praeneste
590 709 850 753 XIV2964.
911 709 1084 750 Duovir
1113 706 1485 761 Caesaraugustae
1524 708 1567 749 in
1606 708 1820 765 Hispania
1850 709 2043 764 (Tiberio

324 779 515 821 nondum
546 778 763 832 Augusto)
801 777 962 819 nummi
1000 791 1069 831 ap.
1100 776 1230 818 Heiss
1268 777 1486 818 monnaies
1515 777 1706 831 antiques
1736 777 1785 820 de
1815 777 2044 833 l'Espayne

327 863 374 902 p.
396 851 481 891 201
508 861 550 890 n,
582 848 746 896 18-21,
788 845 942 887 duovir
973 844 1079 886 Aeci
1117 845 1279 886 nummi
1305 845 1362 887 ib.
1391 859 1440 899 p.
1470 847 1559 888 257
1587 858 1630 887 n.
1659 848 1730 896 12,
1771 847 2045 903 quattuorvir

326 915 522 958 Carteiae
543 914 704 956 nummi
727 914 785 956 ib.
798 928 847 967 p.
868 916 954 956 332
971 927 1013 955 n.
1035 916 1106 956 29.
1127 937 1183 943 -
1204 912 1327 954 Filii:
1358 912 1474 955 Nero
1497 912 1657 955 Caesar
1678 911 1850 969 (1149),
1873 914 2043 957 Drusus

325 983 484 1026 Caesar
515 981 565 1035 (I
578 982 686 1036 145),
719 982 786 1024 Ti.
814 981 972 1024 Caesar
993 981 1165 1038 (1151),
1198 981 1246 1025 C.
1269 980 1431 1024 Caesar
1451 982 1627 1038 (1142),
1660 981 1770 1024 alius
1801 981 1851 1025 O.
1883 981 2044 1025 Caesar

323 1051 374 1105 (I
391 1053 499 1106 143),
533 1050 720 1106 denique
752 1066 862 1092 unus
893 1051 1015 1092 cuius
1046 1065 1203 1092 nomen
1240 1051 1464 1104 ignoratur
1493 1050 1547 1104 cf.
1570 1050 1685 1095 Suet.
1714 1050 1807 1093 Cal.
1831 1054 1859 1092 7
1865 1064 1879 1102 ,·
1908 1050 2043 1093 filiae:

324 1119 435 1161 Iulia
474 1118 738 1175 Agrippina,
780 1118 890 1161 Iulia
927 1117 1144 1173 Drusilla,
1186 1117 1299 1160 Iulia
1337 1117 1496 1160 Livilla
1535 1117 1607 1172 (cf.
1639 1119 1788 1175 infra).
1852 1118 1921 1162 De
1951 1133 2044 1162 car-

321 1187 506 1229 minibus
534 1186 782 1229 Germanici
809 1187 863 1240 cf.
901 1185 1062 1238 Teuffel
1090 1187 1194 1231 Litt.
1216 1189 1314 1237 275,
1335 1190 1363 1228 3
1382 1200 1463 1241 seq.

240 1256 318 1298 147
351 1261 674 1296 GERMANIOVS
707 1255 910 1310 (IVLIVS)
942 1261 1139 1297 CAESAR
1168 1255 1303 1297 Drusi
1330 1254 1529 1297 Caesaris
1554 1255 1610 1307 (n.
1633 1257 1728 1310 144)
1758 1254 1884 1310 filius,
1917 1256 2046 1298 Livia

322 1329 449 1365 natus
489 1338 576 1365 una
615 1337 714 1365 eum
754 1322 886 1365 fratre
925 1323 1107 1378 gemello
1149 1324 1201 1377 (v.
1234 1324 1300 1366 Ti.
1329 1322 1465 1366 Iulius
1496 1323 1675 1379 Caesar)
1715 1339 1751 1366 a.
1782 1339 1823 1380 p.
1856 1323 1958 1367 Chr.
1992 1325 2044 1367 19

329 1392 426 1435 Tac.
449 1405 488 1435 a.
510 1395 553 1442 2,
575 1394 628 1433 84
650 1389 716 1443 (de
742 1405 853 1433 anno
876 1391 1042 1434 dubitat
1061 1391 1109 1435 Ο.
1130 1391 1380 1446 Hirschfeld
1402 1391 1547 1434 Herm.
1568 1394 1637 1442 25,
1660 1394 1769 1434 1890
1781 1406 1829 1447 p.
1840 1395 1922 1435 366
1931 1393 2045 1448 seq).

325 1460 490 1502 Nomen
528 1459 720 1502 exhibent
752 1460 1035 1514 fraymentum
1066 1459 1181 1502 tituli
1215 1459 1347 1514 Cypri
1384 1460 1596 1502 inventum
1632 1458 1755 1502 GIG.
1787 1463 1900 1503 2630
1938 1460 2046 1517 [τῶν]

326 1528 497 1584 διδύμων
528 1530 622 1571 υἱῶν
653 1528 844 1585 Δ[ρούσου
874 1527 1103 1585 Καίσαρος],
1134 1528 1314 1589 Τιβερίου
1344 1530 1409 1571 καὶ
1439 1527 1733 1586 Γερμανικο[ῦ],
1763 1529 2047 1584 fraymentum

324 1595 585 1638 Brinnianum
612 1595 724 1640 CIL.
758 1596 917 1638 V4311
945 1596 1041 1651 [T]i.
1074 1602 1116 1637 et
1145 1596 1408 1651 Ge[rmaniei
1445 1596 1718 1651 Ca]esarum‚
1759 1597 1858 1639 item
1886 1599 2049 1640 nummi

326 1678 417 1706 cum
446 1665 580 1718 ipsius
610 1667 649 1706 et
676 1665 829 1717 fratris
859 1665 1070 1718 capitibus
1092 1668 1130 1706 et
1158 1665 1434 1719 inscriptione
1454 1663 1540 1723 Τιβ.
1562 1665 1653 1722 Γερ.
1674 1663 1874 1722 Καίσαρες
1894 1663 2047 1718 (Cave-

327 1732 426 1774 doni
455 1746 553 1774 ann.
585 1733 681 1774 inst.
715 1733 829 1774 arch.
861 1735 968 1774 1851
990 1747 1041 1786 10¹
1060 1731 1178 1782 232).
1238 1732 1359 1775 Obiit
1389 1749 1426 1775 a.
1450 1734 1505 1776 23
1541 1734 1638 1776 Tac.
1671 1748 1710 1776 a.
1743 1737 1781 1785 4,
1803 1736 1870 1780 15.
1929 1734 2047 1777 Mors

326 1801 417 1842 eius
448 1807 712 1842 memoratur
742 1800 842 1842 Vell.
864 1804 906 1851 2,
930 1803 1023 1844 130.

243 1869 323 1910 148
354 1875 398 1912 L.
439 1875 604 1910 IVLIVS
647 1875 844 1910 CAESAR
882 1869 941 1910 M.
979 1868 1202 1925 Agrippae
1242 1875 1283 1911 et
1321 1868 1475 1925 Iuliae,
1518 1869 1706 1925 Augusti
1743 1870 1878 1925 filiae,
1919 1869 2047 1926 filius,

326 1944 452 1978 natus
483 1952 520 1979 a.
545 1937 625 1979 737
656 1936 744 1979 Dio
764 1939 830 1987 54,
852 1939 907 1978 18
937 1935 1060 1989 (Zon.
1084 1941 1150 1987 10,
1172 1939 1242 1994 34)
1275 1939 1507 1994 statimque
1537 1953 1624 1981 una
1654 1952 1753 1980 eum
1775 1939 1884 1983 Gaio
1915 1937 2048 1981 fratre

325 2006 488 2046 maiore
529 2004 583 2046 ab
615 2004 812 2059 Augusto
853 2004 1079 2060 adoptatus
1110 2005 1197 2047 Dio
1229 2005 1255 2047 l.
1288 2019 1336 2057 c.,
1375 2005 1491 2049 Suet.
1522 2006 1635 2062 Auq.
1666 2010 1731 2058 64,
1773 2006 1873 2050 Vell.
1903 2010 1946 2057 2,
1978 2009 2045 2058 96,

324 2072 549 2126 (Caesares
570 2074 730 2127 gemini
749 2074 911 2115 nummi
936 2073 1283 2124 Tarraconenses,
1309 2088 1377 2129 ap.
1401 2074 1529 2117 Heiss
1547 2076 1764 2118 monnaz'es
1785 2075 1977 2129 antiques
1997 2074 2046 2117 de

326 2141 555 2196 Z’Espayne
575 2156 623 2196 p.
645 2145 729 2185 124
756 2156 796 2184 n.
818 2145 885 2184 49.
905 2144 972 2192 50,
1006 2141 1054 2184 de
1082 2143 1176 2196 ipso
1206 2145 1246 2185 et
1274 2143 1443 2199 fratre),
1475 2143 1616 2187 dietus
1645 2144 1696 2187 L.
1728 2143 1863 2186 Iulius
1887 2142 2048 2186 Caesar

326 2209 490 2263 (nomen
507 2209 767 2264 ⁸qentiZicium
788 2209 952 2252 exhibet
976 2213 1003 2252 t.
1025 2210 1258 2265 Delphicus
1280 2211 1404 2254 OIG.
1419 2215 1533 2255 1712
1554 2212 1784 2267 descriptus
1804 2226 1832 2255 a
1853 2211 2046 2267 Cyriaco,

325 2278 364 2320 si
400 2291 493 2320 vere
531 2278 655 2320 huius
696 2282 768 2329 est,
801 2278 988 2320 traditur
1017 2280 1128 2321 enim
1157 2280 1320 2323 Λεύκιον
1353 2279 1513 2324 Ἰούλιον
1545 2313 1554 2323 .
1574 2313 1583 2323 .
1602 2314 1611 2323 .
1630 2314 1640 2324 .
1673 2279 1834 2324 Ἰούλιον
1863 2279 2048 2339 Καίσαρα

324 2346 542 2404 Σεβαστόν,
581 2360 656 2388 nec
695 2350 852 2388 certum
888 2350 949 2390 est
986 2347 1034 2390 id
1069 2351 1179 2390 recte
1217 2352 1446 2391 correctum
1484 2362 1570 2392 esse
1607 2350 1655 2392 in
1693 2350 1856 2393 Λεύκιον
1887 2348 2047 2393 Ἰούλιον

324 2413 508 2471 Καίσαρα
536 2415 738 2472 Σεβαστοῦ
768 2415 868 2470 υἱόν)
899 2415 968 2457 vel
998 2416 1049 2459 L.
1081 2415 1242 2459 Caesar
1275 2417 1351 2472 (sic
1372 2419 1570 2475 passim),
1611 2432 1721 2475 puer
1758 2418 1951 2474 procacis
1986 2418 2048 2459 in-

326 2483 441 2536 genii
462 2482 550 2525 Dio
569 2486 634 2534 55,
657 2486 696 2533 9,
721 2499 757 2525 a.
782 2484 862 2526 752
894 2484 939 2525 in
959 2483 1098 2526 forum
1114 2484 1325 2527 deductus
1346 2485 1401 2528 ab
1417 2485 1616 2541 Augusto
1639 2485 1853 2528 decimum
1873 2486 2047 2528 tertium

329 2550 504 2592 consule
527 2551 643 2594 Suet.
664 2551 776 2606 Auy.
798 2554 868 2595 26.
913 2551 1079 2594 Eodem
1109 2552 1198 2595 fere
1228 2560 1432 2610 tempore,
1465 2554 1629 2598 seilicet
1656 2568 1820 2597 annum
1849 2554 2047 2611 quintum

327 2624 369 2659 et
407 2618 619 2662 decimum
659 2633 814 2674 agens,
856 2620 1006 2662 consul
1045 2620 1294 2676 designatus
1331 2625 1358 2666 t.
1399 2622 1730 2666 Nicomediensis
1768 2623 1858 2666 III
1878 2625 1976 2674 323,
2017 2625 2047 2667 t.

323 2687 515 2729 urbanus
544 2687 613 2729 VI
624 2690 718 2738 900,
752 2687 874 2730 Mon.
902 2687 1062 2743 Ancyr.
1093 2692 1131 2740 3,
1165 2693 1203 2740 1,
1242 2696 1291 2731 ut
1328 2704 1422 2732 eum
1460 2691 1759 2745 magistratum
1794 2691 1924 2733 iniret
1950 2697 2049 2748 post

326 2756 671 2811 quinquennium
691 2769 800 2799 mon.
822 2755 982 2810 Ancyr.
1006 2756 1032 2798 l.
1055 2770 1088 2799 c.
1117 2755 1184 2809 (de
1203 2760 1384 2812 tempore
1405 2757 1706 2813 desiynationis
1733 2759 1788 2813 cf.
1812 2758 2048 2802 Mommsen

329 2823 387 2864 ad
413 2837 522 2865 mon.
552 2823 711 2878 Ancyr.
735 2838 783 2878 p.
804 2826 881 2875 53,·
922 2824 1072 2867 consul
1111 2824 1361 2880 designatus
1391 2826 1527 2877 tituli,
1567 2827 1614 2869 in
1648 2826 1715 2869 his
1744 2830 1847 2882 post
1874 2830 2049 2870 mortem

327 2892 472 2945 positi,
504 2895 552 2933 ut
586 2892 819 2934 Ticinensis
850 2892 1009 2935 V6416
1039 2896 1079 2935 et
1108 2893 1316 2936 decretum
1336 2893 1594 2937 Pisanorum
1621 2894 1703 2937 XI
1722 2897 1864 2952 1420).
1904 2895 2048 2938 Locus

330 2960 442 3001 inter
473 2966 690 3001 senatores
723 2961 760 3002 ei
791 2960 988 3003 decretus
1014 2975 1123 3003 mon.
1145 2961 1304 3017 Ancyr.
1338 2961 1364 3004 l.
1396 2976 1429 3006 c.
1487 2963 1697 3019 Princeps
1726 2964 1963 3007 iuventutis
1991 2963 2046 3007 ab

328 3027 545 3083 equitibus
584 3027 787 3070 Romanis
832 3028 1071 3086 appellatus
1110 3030 1167 3072 ib.
1209 3030 1261 3084 cf.
1304 3030 1501 3073 Zonaras
1529 3034 1601 3082 10,
1630 3034 1684 3074 35
1724 3029 1815 3086 (qui
1850 3032 1897 3075 in
1936 3046 2047 3076 anno

327 3098 473 3152 errat).
519 3095 675 3150 Augur
706 3097 822 3139 tituli
851 3097 920 3152 (V
930 3101 1037 3140 6416
1076 3097 1146 3140 VI
1155 3100 1240 3140 898
1266 3098 1346 3140 ΙΧ
1360 3102 1470 3142 3914
1497 3099 1578 3141 ΧῙ
1589 3102 1700 3143 1420
1721 3102 1828 3157 εει).
1876 3100 2050 3143 Duovir

332 3162 427 3204 aedi
461 3163 726 3206 dedicandae
757 3164 974 3208 consulari
1003 3171 1214 3222 potestate
1242 3181 1330 3208 una
1359 3181 1458 3208 eum
1487 3166 1621 3209 fratre
1651 3167 1762 3211 Gaio
1787 3167 1876 3211 Dio
1893 3171 1960 3219 55,
1979 3171 2047 3211 10.

327 3232 453 3275 Uxor
482 3234 520 3274 ei
552 3232 766 3276 destinata
795 3233 982 3277 Aemilia
1011 3234 1179 3291 Lepida
1204 3235 1302 3278 Tac.
1325 3249 1364 3277 a.
1385 3238 1425 3287 3,
1447 3238 1516 3279 23.
1563 3236 1648 3280 Gai
1678 3235 1824 3279 fratris
1855 3237 1919 3291 (in
1940 3235 2049 3279 Asia

328 3313 397 3340 res
418 3301 624 3354 gerentis)
646 3301 850 3357 epistulas
881 3303 927 3343 in
956 3309 1108 3345 senatu
1129 3303 1281 3345 recitat
1300 3302 1388 3345 Dio
1407 3305 1473 3354 55,
1496 3306 1586 3346 1οα.
1635 3303 1795 3346 Missus
1814 3303 1871 3346 ad
1890 3303 2047 3360 Hispa-

328 3367 496 3410 nienses
518 3369 734 3411 exereitus
765 3369 865 3414 Vell.
887 3374 930 3422 2,
952 3373 1051 3422 102,
1084 3371 1182 3414 Tac.
1206 3385 1244 3415 a.
1266 3373 1305 3422 1,
1325 3373 1353 3414 3
1383 3371 1438 3426 cf.
1462 3371 1578 3415 Suet.
1599 3371 1711 3427 Auy.
1733 3375 1799 3423 64,
1829 3371 2048 3415 Massiliae
