2190 3724
291 276 505 313 DOMITIA
1166 271 1221 314 26
1883 277 2100 314 DOMITIA

296 409 374 450 151
408 414 620 449 DOMITIA
652 413 943 461 DECIDIANA,
976 409 1124 463 nupsit
1153 406 1232 449 Cn.
1264 406 1372 449 Iulio
1399 406 1627 462 Agricolae
1658 422 1695 450 a.
1728 408 1779 450 61
1809 408 1906 450 Tae.
1929 407 2036 462 ΑΨ.
2059 410 2095 449 6.
2168 426 2174 430 ·

376 476 497 518 Filia
526 476 615 517 sine
646 475 771 517 dubio
797 474 981 516 Domitii
1001 474 1174 516 Deoida?
1195 475 1412 529 praetoris
1443 489 1483 517 a.
1504 479 1569 526 44,
1600 479 1649 517 ut
1669 477 1888 530 perspexit
1906 476 2095 530 Boryhe-

376 545 464 585 sius
495 558 587 598 opp.
609 547 635 585 4
648 557 695 597 p.
726 545 819 584 118.

296 613 374 654 152
405 617 617 652 DOMITIA
647 615 944 660 DOMITIANA,
979 609 1218 652 clarissima
1248 610 1419 665 femina,
1454 626 1565 653 uxor
1596 617 1644 654 ut
1673 611 1849 654 videtur
1869 612 1988 655 Vibii
2019 612 2099 655 Co—

375 679 554 720 miniani
584 677 748 719 Valerii
779 678 847 720 Pii
881 678 921 719 V
939 680 1069 721 5228.

295 749 375 790 153
407 753 620 788 DOMITIA
660 752 931 801 FAVSTINA,
970 746 1029 788 M.
1071 745 1237 788 Aurelii
1274 746 1470 790 Caesaris
1510 747 1618 802 filia,
1658 754 1830 790 mortua
1869 754 2101 804 antequam

377 822 499 872 pater
537 814 764 868 Augustus
803 814 926 856 fieret
966 814 1021 867 (a.
1056 815 1154 868 161)
1196 817 1223 856 t.
1261 815 1510 869 sepulcralis
1550 816 1617 858 VI
1643 819 1736 859 995.
1796 816 2012 858 Faustina
2051 815 2102 858 de

377 884 493 925 euius
515 883 802 936 (teyrotatione
824 883 1005 943 Mareus
1032 881 1194 924 Caesar
1214 884 1403 936 queritur
1421 897 1506 926 non
1526 884 1588 926 ita
1613 885 1788 926 multum
1810 888 1910 939 post
1929 899 2099 927 umorem

377 953 542 993 ductam
576 950 646 1004 (ef.
681 951 917 993 Mommsen
947 951 1093 993 Herm.
1124 954 1152 991 8
1182 964 1230 1005 p.
1262 955 1362 1007 205)
1408 955 1446 994 et
1484 953 1705 1007 respondet
1732 952 1896 995 Fronto
1937 952 2015 1008 (ep.
2045 953 2103 995 ad

377 1020 443 1062 M.
481 1019 599 1061 Caes.
629 1023 668 1070 4,
701 1023 764 1069 11,
797 1023 854 1062 12
885 1034 932 1074 p.
953 1022 1017 1071 ,72
1049 1019 1180 1076 Nab.)
1221 1034 1306 1062 non
1344 1020 1446 1062 haee
1484 1021 1647 1063 ridetur
1686 1021 1830 1074 fuisse,
1870 1021 1944 1063 sed
1979 1034 2102 1064 soror

378 1089 465 1130 eius
494 1087 640 1130 Annia
671 1087 846 1131 Galeria
878 1087 1058 1130 Aurelia
1087 1088 1295 1131 Faustina
1337 1088 1408 1143 (ef.
1447 1088 1746 1143 Dr'ttenberyer
1787 1089 1973 1132 architol.
2005 1089 2101 1132 Zei-

377 1159 478 1210 tuny
505 1159 570 1206 36,
603 1158 724 1206 1878,
758 1170 806 1210 p.
838 1159 948 1212 103).

303 1250 361 1255 —
390 1230 607 1265 FABATIA
639 1230 799 1265 POLLA
828 1231 978 1265 FABIA
1009 1230 1222 1265 DOMITIA
1255 1231 1520 1267 GELLIOLA.

294 1294 374 1338 154
405 1298 618 1334 DOMITIA
648 1299 916 1347 HERACLIA,
951 1291 1213 1335 clarissimae
1243 1294 1474 1335 memoriae
1504 1293 1666 1336 femina
1697 1294 1764 1336 VI
1785 1296 1904 1343 1404.

295 1363 372 1404 155
405 1367 616 1402 DOMITIA
647 1367 832 1402 LEPIDA
864 1359 939 1412 (eie
975 1361 1072 1403 Tac.
1106 1376 1145 1403 a.
1177 1365 1245 1410 12,
1278 1365 1341 1412 04,
1375 1362 1543 1418 Lepida
1575 1363 1672 1405 Tae.
1706 1377 1745 1404 a.
1777 1365 1842 1413 11,
1874 1365 1952 1413 3'7‚·
1983 1362 2098 1406 Suet.

378 1429 481 1472 Ner.
510 1432 549 1471 5.
582 1432 637 1484 6).
699 1429 831 1472 Soror
862 1428 939 1472 Cn.
972 1429 1151 1471 Domitii
1183 1429 1461 1472 Ahenobarbi
1494 1430 1567 1482 (D.
1598 1433 1695 1486 109)
1733 1431 1831 1472 Tae.
1863 1445 1903 1472 α.
1934 1434 2004 1481 12,
2027 1434 2102 1482 64,-

377 1498 491 1540 Suet.
527 1497 630 1539 Ner.
661 1500 699 1547 5,
732 1498 864 1539 amita
894 1497 1077 1540 Neronis
1114 1498 1212 1540 Tae.
1247 1498 1272 1540 Ι.
1305 1511 1365 1549 c.;
1406 1498 1521 1541 Suet.
1555 1499 1658 1541 Ner.
1696 1502 1733 1541 6.
1767 1502 1804 1550 7,
1843 1498 1933 1541 filia
1967 1499 2102 1554 igitur

376 1566 427 1610 L.
449 1566 629 1608 Domitii
651 1565 930 1608 Ahenobarbi
961 1565 1035 1618 (D.
1058 1570 1154 1622 110)
1186 1573 1229 1608 et
1248 1566 1463 1609 Antoniae
1494 1568 1668 1609 maioris
1699 1568 1894 1622 (minoris
1930 1567 2027 1610 Tae.
2059 1582 2098 1609 a.

376 1638 444 1684 12,
475 1638 556 1690 65).
627 1634 769 1676 Mater
803 1634 1005 1677 Valeriae
1042 1634 1338 1690 Messallinae,
1389 1651 1499 1691 quae
1539 1642 1688 1692 postea
1729 1635 1912 1679 Claudio
1953 1637 2101 1692 nupsit

381 1703 477 1745 Tae.
522 1717 559 1744 a.
602 1705 666 1752 11,
697 1705 764 1752 37,
819 1717 931 1744 uxor
978 1703 1111 1757 igitur
1161 1702 1393 1759 aliquando
1434 1703 1598 1746 Valerii
1638 1703 1866 1746 Messallae
1905 1704 2099 1747 Barbati.

378 1771 468 1813 Sub
500 1771 628 1812 finem
660 1770 824 1813 Tiberii
855 1770 989 1813 frater
1021 1772 1112 1813 eius
1143 1773 1296 1814 incesti
1328 1787 1425 1814 cum
1457 1788 1507 1815 ea
1535 1779 1762 1816 aecusatus
1794 1772 1909 1816 Suet.
1935 1772 2037 1815 Ner.
2058 1774 2098 1815 5.

381 1839 490 1882 Sub*
512 1839 622 1882 Gaio
669 1839 813 1881 fratris
855 1839 970 1881 filius
1015 1840 1166 1896 (Nero)
1207 1840 1322 1896 apud
1369 1855 1464 1882 eam
1505 1841 1713 1883 educatus
1754 1840 1870 1884 Suet.
1917 1841 2019 1883 Ner.
2061 1843 2098 1883 6.

375 1907 557 1949 Claudio
597 1914 773 1950 auctore
812 1908 938 1950 nubit
978 1908 1027 1953 C.
1058 1908 1142 1965 Ap.
1178 1909 1304 1951 Iunio
1338 1908 1483 1952 Silano
1513 1909 1600 1951 Dio
1631 1913 1696 1960 60,
1727 1913 1780 1952 14
1820 1907 1984 1962 (nomen
2012 1923 2097 1951 non

369 1977 524 2032 ponit).
576 1977 646 2018 Ex
675 1975 803 2018 huius
825 1977 957 2019 caede
977 1983 1105 2034 ortae
1119 1978 1210 2019 sine
1231 1977 1361 2020 dubio
1383 1977 1622 2021 discordiae
1644 1979 1736 2020 eius
1758 1992 1857 2020 cum
1877 1977 1966 2020 filia
1985 1977 2097 2020 Mes-

374 2043 526 2086 sallina
553 2045 649 2087 Tae.
674 2059 711 2086 a.
735 2048 799 2095 11,
821 2048 887 2087 37.
937 2047 1100 2088 Tamen
1123 2047 1335 2102 supremis
1356 2046 1629 2088 Messallinae
1656 2046 1982 2089 necessitatibus
2011 2060 2098 2088 non

374 2112 495 2154 deest
522 2113 578 2154 ib.
611 2127 644 2154 e.
675 2116 740 2155 37.
769 2116 836 2155 38.
893 2114 1021 2156 Anno
1053 2115 1108 2156 54
1139 2114 1406 2171 Agrippinae
1444 2115 1610 2157 artibus
1650 2122 1874 2169 accusata-3
1912 2129 2028 2156 mors
2059 2115 2096 2156 ei

375 2181 536 2223 indicta
562 2181 658 2223 Tac.
683 2196 722 2223 α.
745 2185 814 2233 12,
837 2185 900 2224 04.
924 2186 976 2225 05
997 2183 1051 2236 ef.
1076 2183 1191 2225 Suet.
1217 2183 1320 2225 Ner.
1344 2187 1380 2226 7.
1402 2209 1460 2212 —
1484 2183 1737 2226 Latifundia
1758 2184 1850 2225 eius
1871 2182 2098 2226 Calabrica

380 2250 476 2291 Tae.
501 2263 540 2291 a.
563 2253 631 2300 12,
658 2253 722 2292 65.

290 2330 370 2371 156
411 2335 624 2370 DOMITIA
663 2335 900 2372 LONGINA.
983 2330 1219 2385 Coqnornen
1266 2331 1422 2373 habent
1469 2345 1662 2373 nummus
1710 2331 1997 2386 Lappensiurn
2047 2345 2097 2374 eoe

380 2397 507 2439 Creta
538 2397 714 2450 (an-leel
734 2401 759 2439 0
781 2413 829 2452 p.
850 2402 955 2450 401;
987 2399 1183 2441 Mionnet
1213 2399 1361 2454 Suppl.
1393 2399 1472 2442 IV
1484 2415 1531 2454 p.
1554 2403 1650 2450 320,
1683 2402 1781 2457 199)
1803 2403 1844 2442 et
1872 2399 2096 2443 Suetonius

373 2465 497 2507 Dona.
521 2469 557 2507 1.
594 2465 706 2507 Filia
728 2465 805 2510 Cn.
828 2466 1010 2509 Domitii
1032 2466 1290 2510 Corbulonis
1310 2467 1437 2510 XIV
1456 2470 1568 2511 2795
1600 2467 1671 2522 (ef.
1714 2467 1782 2510 VI
1803 2470 1979 2524 16983);
2008 2467 2096 2509 Dio

374 2537 438 2584 66,
469 2537 496 2575 3
528 2533 624 2588 (Cn.
657 2534 684 2576 f.
716 2534 764 2576 X
789 2538 935 2591 1422).
994 2535 1143 2591 Nupta
1182 2536 1233 2580 L.
1269 2535 1394 2578 Aelio
1435 2536 1614 2578 Lamiae
1650 2537 1743 2592 (qui
1782 2543 1824 2578 et
1861 2536 1912 2578 L.
1943 2537 2097 2578 Lamia

373 2601 599 2657 Aelianus)
632 2603 746 2645 Suet.
769 2602 894 2645 Dono.
917 2607 966 2655 1,·
992 2603 1080 2646 Dio
1101 2607 1165 2654 66,
1186 2607 1225 2646 3.
1281 2605 1398 2646 Huic
1428 2604 1616 2647 abducta
1645 2620 1670 2646 a
1701 2604 1949 2646 Domitiano
1979 2619 2017 2646 a.
2040 2604 2095 2647 70

375 2670 489 2713 Suet.
521 2670 546 2712 l.
579 2684 637 2721 e.,·
665 2670 753 2712 Dio
785 2671 811 2713 Ι.
843 2686 875 2714 e.
934 2672 1127 2714 Domitia
1166 2671 1244 2717 Cn.
1287 2671 1315 2716 f.
1357 2673 1597 2715 Domitiani
1638 2672 1836 2715 Caesaris
1875 2675 1903 2714 t.
1940 2672 2098 2714 theatri

375 2738 704 2781 Herculanensis
722 2739 771 2780 X
797 2743 922 2783 1422.
967 2741 1243 2782 Domitianus
1280 2755 1335 2783 ex
1365 2755 1417 2783 ea
1445 2740 1582 2783 filium
1613 2741 1801 2796 suscepit
1830 2741 1875 2782 in
1905 2740 2093 2783 secundo

375 2821 451 2848 suo
480 2806 706 2849 consulatu
737 2808 791 2862 (a.
816 2808 887 2862 73)
921 2808 1035 2851 Suet.
1057 2808 1183 2850 Dona.
1204 2812 1242 2859 3,
1264 2834 1321 2839 ——
1340 2810 1478 2851 neseio
1509 2824 1566 2851 an
1596 2823 1687 2850 eum
1718 2822 1836 2862 quem
1857 2808 2094 2862 defunctum

375 2877 413 2915 et
443 2878 727 2916 consecratum
754 2880 988 2918 memorant
1009 2876 1176 2919 Statius
1195 2877 1285 2919 silv.
1309 2881 1347 2928 1,
1369 2881 1407 2927 1,
1430 2880 1497 2927 99,
1528 2876 1756 2919 Martialis
1775 2880 1814 2927 4,
1835 2879 1875 2926 3,
1896 2879 1935 2927 8,
1960 2877 2094 2920 Silius
2112 2909 2117 2911 -

370 2945 408 2992 3,
431 2946 515 2985 029
535 2943 683 2996 quique
705 2944 858 2986 dieitur
874 2944 999 2987 divus
1017 2944 1177 2987 Caesar
1196 2946 1241 2987 in
1260 2946 1440 2987 nummis
1458 2946 1621 2996 matris,
1643 2969 1700 2975 —
1720 2944 1957 3000 ‘alteroque
1978 2960 2091 2988 anno

374 3010 663 3053 consalutavit
682 3011 941 3066 Augustam‘
968 3013 1083 3057 Suet.
1106 3013 1132 3055 l.
1152 3027 1184 3055 e.
1208 3013 1452 3068 (consulatu
1472 3013 1607 3056 filium
1627 3013 1691 3055 vit
1704 3027 1788 3067 pro
1805 3013 2093 3056 consalutavit

374 3078 460 3119 eod.
485 3079 680 3129 Memm.,·
709 3080 783 3121 sed
802 3081 928 3122 etiarn
949 3080 1081 3123 altero
1104 3096 1215 3123 anno
1236 3081 1399 3124 videtur
1419 3084 1700 3138 corruptum);
1730 3082 1782 3135 ef.
1809 3081 2093 3136 Hieronymus

376 3146 433 3187 ad
453 3161 491 3190 a.
514 3147 621 3189 Abr.
643 3151 759 3191 2097
760 3183 768 3192 .
814 3148 1015 3203 Augusta
1037 3153 1116 3191 aet.
1138 3149 1242 3191 Arv.
1265 3149 1362 3192 inde
1383 3164 1410 3191 a
1430 3149 1514 3192 kal.
1545 3149 1632 3192 Oet.
1649 3152 1703 3191 81
1724 3150 1914 3204 saepius;
1933 3150 2094 3192 nummi

376 3228 443 3268 ap.
469 3215 629 3257 Eekleel
658 3219 695 3266 6,
717 3219 815 3267 401,‘
841 3216 981 3259 Cohen
1001 3218 1034 3259 I
1048 3218 1108 3260 ed.
1131 3221 1163 3261 2
1183 3232 1230 3272 p.
1252 3220 1332 3260 535
1352 3231 1432 3272 seq.
1445 3231 1458 3269 ,·
1488 3221 1515 3260 t.
1545 3217 1755 3260 Cretensis
1774 3217 1890 3260 Ball.
1914 3218 1962 3260 de
1982 3232 2090 3261 corr.

374 3281 468 3324 hell.
500 3285 607 3325 1885
627 3298 676 3337 p.
706 3287 792 3335 22,·
824 3284 991 3327 Nomio
1019 3288 1127 3327 1890
1158 3300 1205 3340 p.
1236 3288 1312 3337 13,·
1352 3289 1379 3328 t.
1410 3299 1622 3328 servorum
1661 3289 1700 3328 et
1739 3286 1982 3329 libertorum
2022 3286 2090 3329 VI

372 3352 493 3392 8570.
515 3354 627 3393 8007
633 3365 646 3403 ,·
666 3352 743 3394 ΙΧ
758 3355 879 3394 3419.
900 3356 1012 3396 3432
1033 3353 1095 3405 (lm'
1113 3354 1296 3407 fortasse
1315 3354 1465 3408 scripti
1474 3357 1575 3408 post
1596 3369 1635 3396 a.
1659 3357 1742 3411 96).
1774 3355 1968 3397 Romana
1982 3355 2090 3397 Iuno
