2202 3724
132 326 350 363 HELVIVS
998 323 1018 364 1
1025 322 1080 364 33
1726 327 1943 364 HELVIVS

217 455 306 499 Dio
328 460 392 507 71,
413 460 489 507 22,
520 456 665 513 paullo
696 463 796 500 ante
816 472 946 514 quam
967 458 1155 501 Avidius
1176 458 1351 502 Cassius
1381 473 1408 500 a
1430 457 1581 500 Marco
1601 456 1784 499 descivit
1814 457 1945 509 (anno

219 525 353 579 igitur
375 526 456 568 175
478 525 548 567 vel
569 525 715 582 paullo
737 525 856 579 ante)
877 527 949 568 vit.
970 530 1014 577 2,
1037 531 1089 569 10
1110 527 1164 581 cf.
1186 526 1399 582 Boryhesi
1417 541 1510 581 opp.
1531 529 1559 568 3
1580 540 1628 581 p.
1650 529 1747 569 112.
1783 525 1945 569 Consul

217 608 316 635 cum
355 593 488 635 Didio
527 593 728 649 (Severo)
768 593 938 637 Iuliano
977 596 1048 639 vit.
1080 599 1145 646 14,
1176 598 1215 646 5,
1253 596 1324 639 vit.
1355 594 1460 637 Did.
1491 594 1576 637 Iul.
1606 598 1649 645 2,
1679 597 1720 639 3.
1788 594 1856 649 Of.
1888 595 1945 649 fr.

219 661 313 704 Vat.
333 664 443 705 203:
481 662 609 704 divus
646 662 822 705 Marcus
862 663 1080 705 Pertinaci
1121 670 1164 706 et
1200 663 1385 706 Aeliano
1426 664 1524 718 (scr.
1555 662 1724 706 Iuliano
1736 663 1778 718 ?)
1808 678 1946 706 conss.

218 731 452 787 rescripsit.
503 731 691 786 (Titulus
717 732 910 774 urbanus
940 731 1009 774 VI
1019 735 1135 776 3702
1162 733 1234 775 νόω
1255 733 1444 787 pertinet
1470 732 1529 774 ad
1546 731 1655 774 hunc
1685 732 1947 774 consulatum

218 798 483 850 Pertinacis;
511 799 618 842 mihi
642 799 807 842 m'detur
836 799 1081 843 Pertinacis
1109 801 1358 843 roeabulum
1386 814 1601 855 superesse
1630 815 1681 843 ex
1707 801 1949 843 nominibus

220 867 421 922 Septimii
439 868 615 924 Severi).
664 868 947 911 Consulatum
975 870 1110 923 gessit
1140 869 1296 912 absens
1324 870 1396 913 vit.
1417 872 1457 919 3,
1480 873 1524 913 2.
1575 869 1798 913 ‘Cassiano
1829 876 1949 912 motu

219 937 454 993 composito
484 951 508 978 e
539 936 683 992 Syria‘
717 937 898 992 (videtur
938 938 1072 991 iyitur
1111 952 1223 980 anno
1252 941 1332 981 175
1364 938 1568 980 Marcum
1608 939 1831 981 comitatus
1864 952 1950 981 esse

218 1005 265 1046 in
293 1004 521 1059 Orientem)
549 1005 621 1047 ‘ad
642 1005 836 1048 Danuvii
857 1005 1038 1048 tutelam
1062 1006 1313 1062 profectus‘‚
1345 1007 1532 1062 primum
1552 1006 1761 1049 Moesiam
1791 1014 1951 1050 utram-

219 1087 315 1129 que,
338 1072 495 1115 deinde
516 1073 702 1116 Daciam
722 1075 837 1117 rexit
859 1074 932 1118 vit.
957 1078 1000 1125 2,
1022 1078 1076 1117 10
1107 1074 1179 1128 (cf.
1202 1074 1434 1130 s[ac]erd0s
1466 1075 1753 1130 [i]n[st]itutus
1775 1075 1831 1118 ab
1851 1075 1950 1119 Hel.

218 1142 448 1184 Pertinace
494 1141 820 1197 [c]0(n)s(ulari)
862 1146 891 1185 t.
932 1142 1124 1185 Dacicus
1157 1144 1246 1186 III
1278 1143 1325 1187 S.
1363 1143 1499 1198 7751).
1562 1144 1695 1200 Apud
1736 1146 1951 1188 exercitus

219 1209 385 1265 Illyrici
417 1211 623 1267 optimam
650 1212 717 1253 sui
748 1211 906 1254 famam
937 1211 1115 1268 reliquit
1143 1218 1322 1268 propter
1341 1213 1548 1254 virtutem
1576 1220 1620 1255 et
1640 1213 1951 1256 humanitatem

220 1278 496 1321 Herodianus
516 1282 560 1330 2,
577 1282 616 1330 9,
634 1282 674 1322 9.
710 1280 846 1322 ‘Bene
865 1281 998 1335 gestis
1019 1280 1087 1323 his
1110 1281 1346 1337 provinciis
1364 1280 1536 1337 Syriam
1557 1283 1728 1324 meruit'
1746 1284 1819 1324 vit.
1831 1287 1874 1333 2,
1886 1287 1950 1327 11.

219 1346 456 1390 Commodo
486 1348 727 1403 imperante
747 1349 929 1391 Romam
950 1363 1169 1404 reversuS‚
1200 1355 1306 1391 tunc
1330 1350 1518 1406 primum
1538 1351 1703 1392 curiam
1733 1352 1953 1406 ingressus

217 1423 282 1459 est
309 1416 381 1460 vit.
401 1419 442 1467 3,
463 1420 508 1459 2.
551 1417 593 1459 A
614 1418 811 1460 Perenne
842 1419 887 1459 in
916 1418 1144 1473 Liguriam
1169 1418 1371 1460 secedere
1400 1419 1543 1460 iussus
1575 1425 1639 1461 est
1668 1419 1836 1475 fuitque
1866 1418 1954 1461 illic

221 1499 300 1540 per
329 1485 565 1527 triennium
595 1485 654 1539 (a.
677 1486 921 1541 182—185)
951 1487 1024 1529 vit.
1044 1490 1085 1538 3,
1106 1490 1134 1529 3
1152 1500 1234 1541 seq.
1295 1487 1366 1530 Ibi
1395 1488 1606 1543 pecuniae
1637 1487 1813 1542 studuit,
1845 1503 1953 1530 mer-

220 1560 391 1595 caturas
420 1568 500 1610 per
527 1569 676 1596 servos
706 1570 806 1597 suos
837 1556 1035 1598 exercuit
1054 1556 1126 1599 vit.
1151 1558 1191 1606 3,
1213 1552 1325 1607 1⁴-4‚·
1353 1558 1419 1606 13,
1440 1559 1468 1598 4
1477 1569 1491 1607 ;
1521 1562 1697 1612 propter
1726 1558 1954 1599 avaritiam

219 1621 501 1678 popularibus
530 1622 657 1664 dictis
693 1622 918 1666 lacessitus
947 1624 1020 1668 vit.
1047 1627 1086 1675 3,
1108 1628 1160 1675 1,·
1189 1627 1228 1675 9,
1257 1628 1307 1676 4,·
1335 1627 1400 1675 13,
1427 1629 1467 1675 4,
1499 1639 1598 1667 cum
1628 1632 1757 1668 antea
1788 1627 1956 1681 integre

221 1705 267 1732 se
293 1692 476 1746 gesserit
500 1692 573 1736 vit.
592 1694 633 1742 3,
655 1695 681 1734 1
711 1692 856 1747 (aliter
882 1693 974 1735 vita
994 1696 1033 1743 9,
1056 1696 1112 1750 6).
1158 1692 1314 1736 Occiso
1345 1695 1543 1736 Perenne
1575 1694 1631 1748 (a.
1654 1695 1755 1749 185)
1786 1694 1953 1750 legatus

221 1766 500 1815 propraetore
534 1761 789 1803 Britanniae
827 1761 967 1804 factus
1003 1763 1074 1806 vit.
1104 1765 1144 1813 3,
1177 1765 1216 1812 5,
1257 1761 1449 1817 legiones
1490 1763 1802 1806 tumultuantes
1841 1778 1953 1806 com-

220 1830 379 1884 pressit
406 1830 478 1874 vit.
499 1833 539 1880 3,
561 1833 588 1872 6
607 1843 703 1884 seq„
733 1830 822 1873 Dio
846 1834 910 1882 73,
931 1835 970 1875 4.
1017 1831 1159 1873 Venia
1189 1831 1418 1886 legationis
1448 1832 1680 1888 impetrata
1708 1833 1952 1889 praefectus

221 1897 522 1941 alimentorum
552 1898 692 1941 factus
721 1906 788 1942 est
815 1900 886 1944 vit.
917 1903 956 1950 3,
989 1903 1066 1952 10;
1094 1904 1133 1951 4,
1165 1903 1204 1942 1.
1264 1900 1504 1943 Proconsul
1534 1900 1711 1943 Africae
1739 1902 1810 1944 vit.
1841 1906 1880 1952 4,
1912 1906 1950 1952 1,

220 1981 308 2008 non
337 1974 435 2023 post
473 1983 633 2010 annum
672 1967 795 2011 190l1
829 1969 947 2024 (nam
985 1969 1183 2011 successit
1222 1969 1263 2011 ei
1291 1968 1452 2012 Didius
1490 1970 1691 2012 Iulianus
1721 1970 1954 2025 proconsul

220 2035 402 2089 Africae
429 2050 515 2079 non
534 2040 637 2092 post
663 2051 821 2080 annum
846 2038 989 2089 191l2,
1019 2038 1072 2092 cf.
1103 2038 1180 2080 sub
1210 2037 1346 2080 Didio
1378 2038 1533 2081 Severo
1562 2039 1766 2093 Iuliano).
1826 2039 1954 2081 Prae-

220 2104 358 2146 fectus
397 2104 496 2147 urbi
534 2107 607 2148 vit.
637 2109 677 2157 4,
707 2110 747 2157 3,
790 2106 894 2151 Υἱοὶ.
932 2106 1051 2151 Caes.
1083 2110 1149 2157 17,
1187 2107 1371 2161 Eutrop.
1402 2109 1442 2158 8,
1473 2111 1539 2158 16,
1571 2123 1795 2150 successor
1826 2107 1952 2162 (Seii)

220 2173 424 2216 Fusciani
453 2175 525 2216 vit.
556 2178 596 2225 4,
626 2178 668 2217 3.
734 2174 897 2218 Consul
936 2176 1095 2217 iterum
1136 2175 1382 2218 ordinarius
1412 2190 1451 2218 a.
1474 2176 1556 2219 192
1586 2191 1684 2219 cum
1716 2176 1953 2219 Commodo

221 2244 452 2299 septimum
494 2244 613 2297 fasti.
691 2243 846 2287 Occiso
892 2243 1129 2286 Commodo
1184 2245 1421 2301 imperator
1468 2245 1709 2302 appellatus
1754 2245 1954 2288 kalendis

221 2311 435 2353 Ianuariis
461 2327 499 2354 a.
519 2312 601 2354 193
621 2328 648 2354 a
670 2312 880 2371 militibus
912 2320 955 2356 et
983 2329 1009 2355 a
1040 2320 1193 2355 senatu
1213 2314 1285 2355 vit.
1309 2313 1424 2357 Pert.
1445 2317 1485 2364 4,
1506 2317 1546 2365 8,
1578 2314 1667 2356 Dio
1690 2318 1753 2365 73,
1775 2318 1812 2368 1,
1848 2314 1952 2357 Vict.

217 2379 339 2422 Caes.
360 2383 428 2422 17.
463 2404 514 2408 —
546 2380 729 2424 Occisus
760 2381 802 2425 d.
834 2382 889 2424 28
918 2382 1047 2424 Mart.
1082 2383 1163 2424 193
1193 2383 1366 2439 (nempe
1400 2397 1499 2424 cum
1530 2384 1830 2439 imperavisset
1859 2382 1951 2424 dies

222 2449 439 2503 octoginta
459 2449 564 2504 VH)
583 2449 672 2492 Dio
694 2453 758 2500 73,
781 2454 835 2492 10
856 2451 1011 2505 (minus
1042 2454 1239 2492 accurate
1269 2451 1350 2492 alii
1376 2452 1614 2505 scriptores,
1647 2452 1702 2505 cf.
1731 2451 1953 2494 Tillemont

222 2517 383 2561 Pertin.
413 2521 498 2562 not.
518 2518 576 2566 3).
606 2543 648 2548 -
675 2519 821 2562 Uxor:
852 2519 1006 2562 Flavia
1026 2520 1203 2562 Titiana
1223 2518 1295 2573 (cf.
1318 2519 1394 2561 sub
1425 2519 1535 2573 hac).
1581 2519 1774 2576 Reliquit
1803 2535 1952 2577 super-

222 2586 344 2627 stites
373 2585 511 2628 filium
541 2587 613 2642 (cf.
644 2587 783 2642 infra)
811 2594 854 2629 et
882 2587 1016 2630 filiam
1044 2589 1118 2632 vit.
1140 2591 1205 2639 13,
1229 2591 1258 2629 7
1285 2588 1341 2641 cf.
1363 2587 1451 2629 Dio
1472 2591 1537 2639 73,
1561 2592 1597 2631 7.

136 2655 191 2697 50
222 2661 263 2696 P.
284 2661 503 2696 HELvlvs
525 2662 783 2697 PERTINAX
812 2657 889 2712 (sic
911 2657 1039 2702 orell.
1061 2660 1156 2708 895,
1188 2657 1373 2699 Helvius
1398 2657 1608 2699 Pertinax
1636 2658 1708 2700 vit.
1738 2657 1891 2702 Carae.
1915 2661 1954 2699 et

219 2724 292 2765 vit.
322 2722 430 2774 Get„
461 2724 616 2778 reliqui
633 2726 859 2779 scriptores
878 2740 1027 2768 nomen
1050 2740 1136 2768 non
1157 2725 1343 2780 ponunt)
1377 2726 1468 2768 eius
1490 2727 1564 2782 qui
1587 2726 1807 2782 praecedit
1827 2726 1953 2770 filius.

221 2790 307 2833 Hic
320 2793 503 2846 fortasse
520 2827 529 2837 .
543 2825 553 2835 .
568 2826 578 2836 .
592 2826 602 2835 .
615 2809 672 2835 ax
694 2794 873 2849 iun(i0r)
885 2795 998 2837 inter
1014 2802 1261 2837 senatorum
1278 2794 1390 2836 filios
1403 2794 1638 2838 Arvalibus
1658 2796 1954 2838 ministrantes

221 2874 258 2902 a.
293 2860 374 2902 186
409 2863 490 2902 aet.
520 2860 628 2903 Arv.
656 2863 679 2914 (
685 2861 753 2905 VI
774 2865 913 2906 210οα
941 2877 977 2907 υ.
1009 2863 1079 2917 18)
1115 2863 1169 2917 ef.
1204 2863 1253 2905 de
1282 2863 1415 2906 Rossi
1451 2863 1549 2907 bull.
1583 2863 1677 2906 dell’
1707 2864 1814 2906 Inst.
1847 2866 1952 2906 1855

223 2942 272 2982 p.
294 2928 426 2973 LIII.
473 2930 711 2986 Postquam
739 2937 864 2987 pater
888 2933 1124 2988 imperator
1144 2931 1285 2974 factus
1307 2939 1383 2987 est,
1405 2939 1579 2974 senatus
1601 2932 1952 2974 eumCaesarem

223 2996 482 3052 appellavit3
518 3013 650 3054 quam
679 2999 1013 3056 appellationem
1043 3008 1167 3057 pater
1198 3000 1367 3043 distulit
1396 3002 1485 3043 vita
1516 3001 1757 3044 Pertinacis
1787 3004 1836 3051 6;
1866 2999 1953 3041 Dio

224 3067 287 3115 ’73,
312 3068 340 3106 7
366 3066 421 3118 ef.
453 3066 612 3110 Herod.
633 3070 677 3117 2,
698 3071 738 3118 4,
760 3071 809 3119 9;
838 3068 1050 3111 Eusebius
1080 3069 1222 3111 chron.
1254 3070 1374 3124 (vers.
1396 3070 1518 3111 Arm.
1542 3073 1581 3111 et
1600 3069 1864 3124 ffl‘eronym.)
1897 3067 1954 3109 ad

225 3147 264 3177 α.
291 3136 434 3185 2209,’
472 3134 612 3179 chron.
644 3135 798 3180 Pasch.
830 3151 880 3191 p.
910 3140 1010 3189 492,
1042 3141 1109 3182 19.
1180 3137 1470 3180 M’hilominus
1511 3138 1671 3180 Caesar
1713 3136 1954 3191 appellatur

224 3202 269 3243 in
299 3204 328 3243 t.
362 3201 684 3246 Mediomatrici
708 3218 796 3258 rep.
827 3204 955 3248 Orell.
974 3208 1058 3248 895
1070 3239 1080 3257 ,
1111 3207 1210 3248 item
1239 3207 1285 3248 in
1314 3220 1482 3248 nummo
1510 3204 1806 3247 Alexandrino
1835 3218 1952 3257 quem

224 3269 355 3312 edidit
375 3270 513 3313 Sallet
533 3271 737 3314 Zeitschr.
767 3273 800 3327 f.
830 3273 959 3316 Num.
988 3277 1099 3316 1874
1119 3289 1168 3329 p.
1189 3277 1271 3316 314
1306 3275 1360 3328 cf.
1389 3273 1558 3316 Cohen2
1588 3276 1615 3314 3
1636 3287 1684 3327 p.
1714 3276 1809 3314 397.
1862 3272 1952 3315 Sub

226 3337 389 3380 Severo
433 3340 545 3394 patri
588 3339 747 3382 flamen
790 3341 932 3384 factus
974 3344 1064 3384 vita
1113 3342 1353 3386 Pertinacis
1400 3345 1466 3384 15.
1540 3340 1702 3383 Consul
1747 3341 1952 3383 suffectus

226 3406 283 3458 (a.
314 3408 416 3462 inc.)
442 3408 514 3450 vit.
543 3407 698 3451 Carae.
727 3412 767 3461 4,
797 3413 826 3452 8
855 3409 1080 3462 (consulem
1118 3426 1230 3453 anno
1260 3414 1351 3453 212
1389 3411 1521 3463 sitisse
1559 3412 1821 3459 statuerunt,
1861 3410 1951 3450 sine
