<?xml version="1.0" encoding="UTF-8"?>
<!DOCTYPE html PUBLIC "-//W3C//DTD XHTML 1.0 Transitional//EN"
    "http://www.w3.org/TR/xhtml1/DTD/xhtml1-transitional.dtd">
<html xmlns="http://www.w3.org/1999/xhtml" xml:lang="en" lang="en">
 <head>
  <title>
</title>
<meta http-equiv="Content-Type" content="text/html;charset=utf-8" />
  <meta name='ocr-system' content='tesseract 3.04.00' />
  <meta name='ocr-capabilities' content='ocr_page ocr_carea ocr_par ocr_line ocrx_word'/>
</head>
<body>
  <div class='ocr_page' id='page_1' title='image "./prosopographiaim02akaduoft_0030.png"; bbox 0 0 2190 3724; ppageno 0'>
   <div class='ocr_carea' id='block_1_1' title="bbox 258 280 2060 325">
    <p class='ocr_par' dir='ltr' id='par_1_1' title="bbox 258 280 2060 325">
     <span class='ocr_line' id='line_1_1' title="bbox 258 280 2060 325; baseline 0.001 -3"><span class='ocrx_word' id='word_1_1' title='bbox 258 285 496 322; x_wconf 89' lang='lat' dir='ltr'>DOMITIVS</span> <span class='ocrx_word' id='word_1_2' title='bbox 1136 281 1153 322; x_wconf 94' lang='grc'><em>1</em></span> <span class='ocrx_word' id='word_1_3' title='bbox 1162 280 1187 322; x_wconf 87' lang='grc'><em>8</em></span> <span class='ocrx_word' id='word_1_4' title='bbox 1819 287 2060 325; x_wconf 88' lang='lat' dir='ltr'>DOMITIVS</span> 
     </span>
    </p>
   </div>
   <div class='ocr_carea' id='block_1_2' title="bbox 341 416 2072 1979">
    <p class='ocr_par' dir='ltr' id='par_1_2' title="bbox 341 416 2072 1979">
     <span class='ocr_line' id='line_1_2' title="bbox 345 416 2062 472; baseline 0.002 -14"><span class='ocrx_word' id='word_1_5' title='bbox 345 416 401 468; x_wconf 90' lang='lat' dir='ltr'><em>(a.</em></span> <span class='ocrx_word' id='word_1_6' title='bbox 423 420 507 472; x_wconf 84' lang='lat'><em>30).</em></span> <span class='ocrx_word' id='word_1_7' title='bbox 550 416 703 459; x_wconf 83' lang='lat' dir='ltr'><em>Comes</em></span> <span class='ocrx_word' id='word_1_8' title='bbox 726 416 780 457; x_wconf 91' lang='lat' dir='ltr'><em>ad</em></span> <span class='ocrx_word' id='word_1_9' title='bbox 802 416 1023 458; x_wconf 78' lang='lat' dir='ltr'><strong>Orientem</strong></span> <span class='ocrx_word' id='word_1_10' title='bbox 1046 416 1094 460; x_wconf 92' lang='grc'><em>0.</em></span> <span class='ocrx_word' id='word_1_11' title='bbox 1118 416 1314 459; x_wconf 82' lang='lat' dir='ltr'>Caesaris</span> <span class='ocrx_word' id='word_1_12' title='bbox 1340 418 1509 459; x_wconf 88' lang='lat' dir='ltr'><em>iuvenis</em></span> <span class='ocrx_word' id='word_1_13' title='bbox 1531 420 1641 460; x_wconf 77' lang='lat' dir='ltr'><em>Suet.</em></span> <span class='ocrx_word' id='word_1_14' title='bbox 1667 418 1771 460; x_wconf 92' lang='lat' dir='ltr'><em>Ner.</em></span> <span class='ocrx_word' id='word_1_15' title='bbox 1792 421 1831 468; x_wconf 89' lang='lat'><em>5,</em></span> <span class='ocrx_word' id='word_1_16' title='bbox 1852 419 1923 461; x_wconf 74' lang='lat' dir='ltr'><em>vix</em></span> <span class='ocrx_word' id='word_1_17' title='bbox 1940 422 2062 470; x_wconf 81' lang='lat' dir='ltr'><em>recte,</em></span> 
     </span>
     <span class='ocr_line' id='line_1_3' title="bbox 343 484 2064 540; baseline 0.001 -13"><span class='ocrx_word' id='word_1_18' title='bbox 343 500 442 528; x_wconf 82' lang='lat' dir='ltr'><em>nam</em></span> <span class='ocrx_word' id='word_1_19' title='bbox 469 485 599 527; x_wconf 82' lang='lat' dir='ltr'><em>comes</em></span> <span class='ocrx_word' id='word_1_20' title='bbox 627 484 673 526; x_wconf 90' lang='lat' dir='ltr'><em>C.</em></span> <span class='ocrx_word' id='word_1_21' title='bbox 703 484 914 534; x_wconf 78' lang='lat' dir='ltr'><em>Caesaris,</em></span> <span class='ocrx_word' id='word_1_22' title='bbox 943 485 1131 538; x_wconf 71' lang='lat' dir='ltr'><em>defuncti</em></span> <span class='ocrx_word' id='word_1_23' title='bbox 1159 500 1198 526; x_wconf 93' lang='lat' dir='ltr'><em>a.</em></span> <span class='ocrx_word' id='word_1_24' title='bbox 1223 500 1269 539; x_wconf 74' lang='lat' dir='ltr'><em>p.</em></span> <span class='ocrx_word' id='word_1_25' title='bbox 1299 484 1344 527; x_wconf 89' lang='lat' dir='ltr'><em>C.</em></span> <span class='ocrx_word' id='word_1_26' title='bbox 1367 489 1405 535; x_wconf 86' lang='lat'><em>4,</em></span> <span class='ocrx_word' id='word_1_27' title='bbox 1429 500 1540 528; x_wconf 89' lang='lat' dir='ltr'><em>anno</em></span> <span class='ocrx_word' id='word_1_28' title='bbox 1560 489 1630 536; x_wconf 88' lang='grc'><em>28,</em></span> <span class='ocrx_word' id='word_1_29' title='bbox 1653 501 1731 540; x_wconf 80' lang='lat' dir='ltr'><em>quo</em></span> <span class='ocrx_word' id='word_1_30' title='bbox 1752 501 1924 529; x_wconf 72' lang='lat' dir='ltr'><em>uxorem</em></span> <span class='ocrx_word' id='word_1_31' title='bbox 1944 486 2064 529; x_wconf 71' lang='lat' dir='ltr'><em>duxit</em></span> 
     </span>
     <span class='ocr_line' id='line_1_4' title="bbox 341 553 2064 608; baseline 0.001 -12"><span class='ocrx_word' id='word_1_32' title='bbox 341 554 416 596; x_wconf 90' lang='lat' dir='ltr'><em>Cn.</em></span> <span class='ocrx_word' id='word_1_33' title='bbox 440 553 760 602; x_wconf 67' lang='lat' dir='ltr'><em>Ahenobarbus,</em></span> <span class='ocrx_word' id='word_1_34' title='bbox 793 556 831 594; x_wconf 75' lang='lat' dir='ltr'><em>et</em></span> <span class='ocrx_word' id='word_1_35' title='bbox 852 567 891 594; x_wconf 90' lang='lat' dir='ltr'><em>a.</em></span> <span class='ocrx_word' id='word_1_36' title='bbox 913 557 984 602; x_wconf 86' lang='lat'><em>32,</em></span> <span class='ocrx_word' id='word_1_37' title='bbox 1017 567 1096 606; x_wconf 80' lang='lat' dir='ltr'><em>quo</em></span> <span class='ocrx_word' id='word_1_38' title='bbox 1118 553 1261 595; x_wconf 81' lang='lat' dir='ltr'><em>consul</em></span> <span class='ocrx_word' id='word_1_39' title='bbox 1281 555 1420 606; x_wconf 77' lang='lat' dir='ltr'><em>facias</em></span> <span class='ocrx_word' id='word_1_40' title='bbox 1442 557 1513 604; x_wconf 76' lang='lat' dir='ltr'><em>est,</em></span> <span class='ocrx_word' id='word_1_41' title='bbox 1543 554 1626 595; x_wconf 74' lang='lat' dir='ltr'><em>diuv</em></span> <span class='ocrx_word' id='word_1_42' title='bbox 1636 557 1737 608; x_wconf 75' lang='lat' dir='ltr'><em>post</em></span> <span class='ocrx_word' id='word_1_43' title='bbox 1765 569 1807 597; x_wconf 90' lang='lat' dir='ltr'><em>se</em></span> <span class='ocrx_word' id='word_1_44' title='bbox 1836 554 2064 608; x_wconf 77' lang='lat' dir='ltr'><em>reliquerat</em></span> 
     </span>
     <span class='ocr_line' id='line_1_5' title="bbox 344 621 2065 676; baseline 0.001 -13"><span class='ocrx_word' id='word_1_45' title='bbox 344 624 521 663; x_wconf 77' lang='lat' dir='ltr'><em>aetatem</em></span> <span class='ocrx_word' id='word_1_46' title='bbox 541 621 603 662; x_wconf 80' lang='lat' dir='ltr'><em>cel</em></span> <span class='ocrx_word' id='word_1_47' title='bbox 625 621 870 675; x_wconf 63' lang='lat' dir='ltr'><em>ntwtiarmn</em></span> <span class='ocrx_word' id='word_1_48' title='bbox 890 621 952 663; x_wconf 71' lang='lat' dir='ltr'><em>vel</em></span> <span class='ocrx_word' id='word_1_49' title='bbox 972 621 1245 671; x_wconf 69' lang='lat' dir='ltr'><em>consularem,</em></span> <span class='ocrx_word' id='word_1_50' title='bbox 1269 636 1341 663; x_wconf 87' lang='lat' dir='ltr'><em>nec</em></span> <span class='ocrx_word' id='word_1_51' title='bbox 1364 623 1521 664; x_wconf 70' lang='lat' dir='ltr'><em>iuvenis</em></span> <span class='ocrx_word' id='word_1_52' title='bbox 1542 622 1754 676; x_wconf 71' lang='lat' dir='ltr'><em>appellari</em></span> <span class='ocrx_word' id='word_1_53' title='bbox 1765 623 1908 676; x_wconf 73' lang='lat' dir='ltr'><em>potuit</em></span> <span class='ocrx_word' id='word_1_54' title='bbox 1928 637 1967 665; x_wconf 89' lang='lat' dir='ltr'><em>a.</em></span> <span class='ocrx_word' id='word_1_55' title='bbox 1988 626 2065 673; x_wconf 85' lang='lat'><em>30,-</em></span> 
     </span>
     <span class='ocr_line' id='line_1_6' title="bbox 343 688 2064 744; baseline 0.001 -13"><span class='ocrx_word' id='word_1_56' title='bbox 343 691 524 743; x_wconf 76' lang='lat' dir='ltr'><em>fortasse</em></span> <span class='ocrx_word' id='word_1_57' title='bbox 544 703 675 730; x_wconf 84' lang='lat' dir='ltr'><em>comes</em></span> <span class='ocrx_word' id='word_1_58' title='bbox 695 690 839 742; x_wconf 75' lang='lat' dir='ltr'><em>suerat</em></span> <span class='ocrx_word' id='word_1_59' title='bbox 866 688 1113 731; x_wconf 74' lang='lat' dir='ltr'><em>Germanici</em></span> <span class='ocrx_word' id='word_1_60' title='bbox 1138 688 1338 731; x_wconf 73' lang='lat' dir='ltr'><em>Caesaris</em></span> <span class='ocrx_word' id='word_1_61' title='bbox 1368 705 1478 732; x_wconf 79' lang='lat' dir='ltr'><em>anno</em></span> <span class='ocrx_word' id='word_1_62' title='bbox 1500 705 1548 744; x_wconf 72' lang='lat' dir='ltr'><em>p.</em></span> <span class='ocrx_word' id='word_1_63' title='bbox 1578 690 1624 733; x_wconf 87' lang='lat' dir='ltr'><em>C.</em></span> <span class='ocrx_word' id='word_1_64' title='bbox 1647 694 1702 732; x_wconf 89' lang='lat'><em>17</em></span> <span class='ocrx_word' id='word_1_65' title='bbox 1720 694 1758 732; x_wconf 79' lang='lat' dir='ltr'><em>et</em></span> <span class='ocrx_word' id='word_1_66' title='bbox 1779 694 1844 732; x_wconf 97' lang='grc'><em>18.</em></span> <span class='ocrx_word' id='word_1_67' title='bbox 1894 691 2064 733; x_wconf 89' lang='lat' dir='ltr'><em>Duovir</em></span> 
     </span>
     <span class='ocr_line' id='line_1_7' title="bbox 344 757 2063 802; baseline 0.002 -4"><span class='ocrx_word' id='word_1_68' title='bbox 344 758 386 798; x_wconf 91' lang='lat' dir='ltr'><em>in</em></span> <span class='ocrx_word' id='word_1_69' title='bbox 418 757 595 798; x_wconf 89' lang='lat' dir='ltr'><em>civitate</em></span> <span class='ocrx_word' id='word_1_70' title='bbox 625 757 815 799; x_wconf 82' lang='lat' dir='ltr'><em>Pisidiae</em></span> <span class='ocrx_word' id='word_1_71' title='bbox 845 757 1078 800; x_wconf 81' lang='lat' dir='ltr'><em>Antiochia</em></span> <span class='ocrx_word' id='word_1_72' title='bbox 1112 758 1195 799; x_wconf 92' lang='lat' dir='ltr'><em>III</em></span> <span class='ocrx_word' id='word_1_73' title='bbox 1219 758 1265 800; x_wconf 78' lang='lat' dir='ltr'><em>S.</em></span> <span class='ocrx_word' id='word_1_74' title='bbox 1297 763 1419 800; x_wconf 86' lang='grc'><em>6809.</em></span> <span class='ocrx_word' id='word_1_75' title='bbox 1470 760 1624 801; x_wconf 80' lang='lat' dir='ltr'><em>Frater</em></span> <span class='ocrx_word' id='word_1_76' title='bbox 1652 758 1825 801; x_wconf 90' lang='lat' dir='ltr'><em>Arvalis</em></span> <span class='ocrx_word' id='word_1_77' title='bbox 1857 763 1936 802; x_wconf 76' lang='lat' dir='ltr'><em>act.</em></span> <span class='ocrx_word' id='word_1_78' title='bbox 1959 759 2063 801; x_wconf 73' lang='lat' dir='ltr'><em>Ari).</em></span> 
     </span>
     <span class='ocr_line' id='line_1_8' title="bbox 347 825 2064 882; baseline 0.001 -15"><span class='ocrx_word' id='word_1_79' title='bbox 347 826 442 867; x_wconf 78' lang='lat' dir='ltr'><em>inde</em></span> <span class='ocrx_word' id='word_1_80' title='bbox 472 826 525 867; x_wconf 78' lang='lat' dir='ltr'><em>ab</em></span> <span class='ocrx_word' id='word_1_81' title='bbox 558 840 597 867; x_wconf 85' lang='lat' dir='ltr'><em>a.</em></span> <span class='ocrx_word' id='word_1_82' title='bbox 630 829 700 875; x_wconf 88' lang='lat'><em>27,</em></span> <span class='ocrx_word' id='word_1_83' title='bbox 734 827 787 878; x_wconf 79' lang='lat' dir='ltr'><em>cf.</em></span> <span class='ocrx_word' id='word_1_84' title='bbox 819 825 936 869; x_wconf 78' lang='lat' dir='ltr'><em>Ball.</em></span> <span class='ocrx_word' id='word_1_85' title='bbox 971 825 1063 868; x_wconf 77' lang='lat' dir='ltr'><em>dell’</em></span> <span class='ocrx_word' id='word_1_86' title='bbox 1085 826 1190 868; x_wconf 75' lang='lat' dir='ltr'><em>Inst.</em></span> <span class='ocrx_word' id='word_1_87' title='bbox 1223 829 1336 869; x_wconf 87' lang='grc'><em>1882</em></span> <span class='ocrx_word' id='word_1_88' title='bbox 1365 841 1412 880; x_wconf 69' lang='lat'><em>1).</em></span> <span class='ocrx_word' id='word_1_89' title='bbox 1445 831 1542 871; x_wconf 85' lang='lat'><em>201.</em></span> <span class='ocrx_word' id='word_1_90' title='bbox 1608 828 1787 869; x_wconf 82' lang='lat' dir='ltr'><em>Praetor</em></span> <span class='ocrx_word' id='word_1_91' title='bbox 1826 829 2064 882; x_wconf 86' lang='lat' dir='ltr'><em>aurigarios</em></span> 
     </span>
     <span class='ocr_line' id='line_1_9' title="bbox 344 893 2063 951; baseline 0.001 -16"><span class='ocrx_word' id='word_1_92' title='bbox 344 894 541 936; x_wconf 83' lang='lat' dir='ltr'><em>mercede</em></span> <span class='ocrx_word' id='word_1_93' title='bbox 573 893 810 950; x_wconf 87' lang='lat' dir='ltr'><em>palmarum</em></span> <span class='ocrx_word' id='word_1_94' title='bbox 841 894 1013 936; x_wconf 89' lang='lat' dir='ltr'><em>fraudat</em></span> <span class='ocrx_word' id='word_1_95' title='bbox 1035 895 1150 936; x_wconf 78' lang='lat' dir='ltr'><em>Suet.</em></span> <span class='ocrx_word' id='word_1_96' title='bbox 1176 895 1280 936; x_wconf 88' lang='lat' dir='ltr'><em>Ner.</em></span> <span class='ocrx_word' id='word_1_97' title='bbox 1301 898 1340 939; x_wconf 92' lang='lat'><em>5.</em></span> <span class='ocrx_word' id='word_1_98' title='bbox 1387 894 1439 937; x_wconf 89' lang='lat' dir='ltr'><em>A.</em></span> <span class='ocrx_word' id='word_1_99' title='bbox 1470 896 1523 937; x_wconf 87' lang='grc'><em>28</em></span> <span class='ocrx_word' id='word_1_100' title='bbox 1553 910 1731 937; x_wconf 88' lang='lat' dir='ltr'><em>uxorem</em></span> <span class='ocrx_word' id='word_1_101' title='bbox 1761 895 1880 937; x_wconf 89' lang='lat' dir='ltr'><em>ducit</em></span> <span class='ocrx_word' id='word_1_102' title='bbox 1907 895 2063 951; x_wconf 87' lang='lat' dir='ltr'><em>Agrip-</em></span> 
     </span>
     <span class='ocr_line' id='line_1_10' title="bbox 345 962 2064 1018; baseline 0.001 -14"><span class='ocrx_word' id='word_1_103' title='bbox 345 964 489 1018; x_wconf 85' lang='lat' dir='ltr'><em>pinam</em></span> <span class='ocrx_word' id='word_1_104' title='bbox 523 963 771 1006; x_wconf 83' lang='lat' dir='ltr'><em>Germanici</em></span> <span class='ocrx_word' id='word_1_105' title='bbox 803 962 934 1004; x_wconf 88' lang='lat' dir='ltr'><em>filiam</em></span> <span class='ocrx_word' id='word_1_106' title='bbox 969 963 1066 1004; x_wconf 84' lang='grc' dir='ltr'><em>Ταῦ.</em></span> <span class='ocrx_word' id='word_1_107' title='bbox 1090 977 1130 1004; x_wconf 91' lang='lat' dir='ltr'><em>a.</em></span> <span class='ocrx_word' id='word_1_108' title='bbox 1151 966 1189 1012; x_wconf 97' lang='lat'><em>4,</em></span> <span class='ocrx_word' id='word_1_109' title='bbox 1216 965 1266 1005; x_wconf 95' lang='lat'><em>75</em></span> <span class='ocrx_word' id='word_1_110' title='bbox 1296 964 1351 1016; x_wconf 80' lang='lat' dir='ltr'><em>cf.</em></span> <span class='ocrx_word' id='word_1_111' title='bbox 1379 969 1415 1012; x_wconf 84' lang='grc'><em>6,</em></span> <span class='ocrx_word' id='word_1_112' title='bbox 1437 966 1513 1014; x_wconf 90' lang='lat'><em>45,·</em></span> <span class='ocrx_word' id='word_1_113' title='bbox 1543 967 1612 1013; x_wconf 97' lang='lat'><em>12,</em></span> <span class='ocrx_word' id='word_1_114' title='bbox 1644 967 1718 1014; x_wconf 89' lang='grc'><em>64,·</em></span> <span class='ocrx_word' id='word_1_115' title='bbox 1745 964 1948 1018; x_wconf 77' lang='lat' dir='ltr'><em>Iosephus</em></span> <span class='ocrx_word' id='word_1_116' title='bbox 1978 967 2064 1006; x_wconf 83' lang='lat' dir='ltr'><em>ant.</em></span> 
     </span>
     <span class='ocr_line' id='line_1_11' title="bbox 343 1031 2065 1083; baseline 0 -9"><span class='ocrx_word' id='word_1_117' title='bbox 343 1037 414 1081; x_wconf 86' lang='grc'><em>20,</em></span> <span class='ocrx_word' id='word_1_118' title='bbox 445 1036 484 1081; x_wconf 92' lang='grc'><em>8,</em></span> <span class='ocrx_word' id='word_1_119' title='bbox 518 1035 566 1081; x_wconf 87' lang='grc'><em>1,·</em></span> <span class='ocrx_word' id='word_1_120' title='bbox 597 1031 716 1073; x_wconf 76' lang='lat' dir='ltr'><em>Plut.</em></span> <span class='ocrx_word' id='word_1_121' title='bbox 748 1031 850 1073; x_wconf 74' lang='lat' dir='ltr'><em>Ant.</em></span> <span class='ocrx_word' id='word_1_122' title='bbox 883 1035 941 1073; x_wconf 90' lang='grc'><em>87</em></span> <span class='ocrx_word' id='word_1_123' title='bbox 950 1045 962 1082; x_wconf 92' lang='lat'><em>,·</em></span> <span class='ocrx_word' id='word_1_124' title='bbox 1003 1032 1118 1074; x_wconf 80' lang='lat' dir='ltr'><em>Suet.</em></span> <span class='ocrx_word' id='word_1_125' title='bbox 1154 1031 1257 1074; x_wconf 90' lang='lat' dir='ltr'><em>Ner.</em></span> <span class='ocrx_word' id='word_1_126' title='bbox 1287 1034 1340 1083; x_wconf 90' lang='lat'><em>5,·</em></span> <span class='ocrx_word' id='word_1_127' title='bbox 1377 1032 1504 1074; x_wconf 71' lang='lat' dir='ltr'><em>Gall).</em></span> <span class='ocrx_word' id='word_1_128' title='bbox 1534 1036 1573 1075; x_wconf 89' lang='lat'><em>5.</em></span> <span class='ocrx_word' id='word_1_129' title='bbox 1635 1031 1796 1075; x_wconf 84' lang='lat' dir='ltr'><em>Consul</em></span> <span class='ocrx_word' id='word_1_130' title='bbox 1827 1047 1854 1074; x_wconf 90' lang='lat' dir='ltr'><em>a</em></span> <span class='ocrx_word' id='word_1_131' title='bbox 1882 1033 1938 1074; x_wconf 88' lang='lat'><em>32</em></span> <span class='ocrx_word' id='word_1_132' title='bbox 1969 1047 2065 1074; x_wconf 88' lang='lat' dir='ltr'><em>cum</em></span> 
     </span>
     <span class='ocr_line' id='line_1_12' title="bbox 344 1099 2067 1153; baseline 0.001 -12"><span class='ocrx_word' id='word_1_133' title='bbox 344 1100 394 1142; x_wconf 89' lang='lat' dir='ltr'><em>L.</em></span> <span class='ocrx_word' id='word_1_134' title='bbox 426 1099 633 1142; x_wconf 88' lang='lat' dir='ltr'><em>Arruntio</em></span> <span class='ocrx_word' id='word_1_135' title='bbox 666 1099 846 1142; x_wconf 82' lang='lat' dir='ltr'><em>Camillo</em></span> <span class='ocrx_word' id='word_1_136' title='bbox 875 1100 1169 1153; x_wconf 79' lang='lat' dir='ltr'><em>Scriboniano,</em></span> <span class='ocrx_word' id='word_1_137' title='bbox 1205 1115 1258 1141; x_wconf 90' lang='lat' dir='ltr'><em>ex</em></span> <span class='ocrx_word' id='word_1_138' title='bbox 1289 1100 1332 1143; x_wconf 93' lang='lat' dir='ltr'><em>k.</em></span> <span class='ocrx_word' id='word_1_139' title='bbox 1355 1100 1435 1142; x_wconf 93' lang='lat' dir='ltr'><em>Iul.</em></span> <span class='ocrx_word' id='word_1_140' title='bbox 1469 1116 1567 1142; x_wconf 89' lang='lat' dir='ltr'><em>cum</em></span> <span class='ocrx_word' id='word_1_141' title='bbox 1599 1100 1651 1143; x_wconf 90' lang='lat' dir='ltr'><em>A.</em></span> <span class='ocrx_word' id='word_1_142' title='bbox 1674 1099 1849 1143; x_wconf 88' lang='lat' dir='ltr'><em>Vitellio</em></span> <span class='ocrx_word' id='word_1_143' title='bbox 1869 1100 1917 1142; x_wconf 95' lang='lat' dir='ltr'><strong><em>X</em></strong></span> <span class='ocrx_word' id='word_1_144' title='bbox 1934 1104 2067 1151; x_wconf 76' lang='lat'><em>1233,-</em></span> 
     </span>
     <span class='ocr_line' id='line_1_13' title="bbox 346 1168 2066 1224; baseline 0.001 -14"><span class='ocrx_word' id='word_1_145' title='bbox 346 1170 446 1222; x_wconf 73' lang='lat' dir='ltr'><em>fast.</em></span> <span class='ocrx_word' id='word_1_146' title='bbox 466 1168 594 1218; x_wconf 83' lang='lat' dir='ltr'><em>Arv.;</em></span> <span class='ocrx_word' id='word_1_147' title='bbox 616 1170 670 1222; x_wconf 76' lang='lat' dir='ltr'><em>cf.</em></span> <span class='ocrx_word' id='word_1_148' title='bbox 686 1168 801 1211; x_wconf 74' lang='lat' dir='ltr'><em>Suet.</em></span> <span class='ocrx_word' id='word_1_149' title='bbox 827 1168 907 1210; x_wconf 69' lang='lat' dir='ltr'><em>Vit.</em></span> <span class='ocrx_word' id='word_1_150' title='bbox 921 1173 952 1211; x_wconf 90' lang='lat'><em>2</em></span> <span class='ocrx_word' id='word_1_151' title='bbox 968 1168 1064 1224; x_wconf 90' lang='lat' dir='ltr'><em>(per</em></span> <span class='ocrx_word' id='word_1_152' title='bbox 1084 1170 1298 1223; x_wconf 87' lang='lat' dir='ltr'><em>integrum</em></span> <span class='ocrx_word' id='word_1_153' title='bbox 1321 1184 1480 1211; x_wconf 91' lang='lat' dir='ltr'><em>annum</em></span> <span class='ocrx_word' id='word_1_154' title='bbox 1502 1169 1638 1211; x_wconf 88' lang='lat' dir='ltr'><em>fasces</em></span> <span class='ocrx_word' id='word_1_155' title='bbox 1657 1170 1793 1211; x_wconf 91' lang='lat' dir='ltr'><em>tenuit</em></span> <span class='ocrx_word' id='word_1_156' title='bbox 1803 1169 1891 1211; x_wconf 88' lang='lat' dir='ltr'><em>Dio</em></span> <span class='ocrx_word' id='word_1_157' title='bbox 1900 1172 1967 1219; x_wconf 88' lang='grc'><em>58,</em></span> <span class='ocrx_word' id='word_1_158' title='bbox 1977 1171 2066 1224; x_wconf 90' lang='grc'><em>20).</em></span> 
     </span>
     <span class='ocr_line' id='line_1_14' title="bbox 346 1236 2069 1294; baseline 0.001 -15"><span class='ocrx_word' id='word_1_159' title='bbox 346 1237 550 1279; x_wconf 90' lang='lat' dir='ltr'><em>Delectus</em></span> <span class='ocrx_word' id='word_1_160' title='bbox 591 1253 677 1279; x_wconf 90' lang='lat' dir='ltr'><em>una</em></span> <span class='ocrx_word' id='word_1_161' title='bbox 713 1252 810 1280; x_wconf 86' lang='lat' dir='ltr'><em>cum</em></span> <span class='ocrx_word' id='word_1_162' title='bbox 840 1236 1017 1293; x_wconf 90' lang='lat' dir='ltr'><em>reliquis</em></span> <span class='ocrx_word' id='word_1_163' title='bbox 1049 1239 1300 1294; x_wconf 87' lang='lat' dir='ltr'><em>progeneris</em></span> <span class='ocrx_word' id='word_1_164' title='bbox 1331 1238 1498 1280; x_wconf 89' lang='lat' dir='ltr'><em>Tiberii</em></span> <span class='ocrx_word' id='word_1_165' title='bbox 1528 1238 1583 1280; x_wconf 90' lang='lat' dir='ltr'><em>ad</em></span> <span class='ocrx_word' id='word_1_166' title='bbox 1614 1236 1882 1281; x_wconf 88' lang='lat' dir='ltr'><em>aestimanda</em></span> <span class='ocrx_word' id='word_1_167' title='bbox 1911 1236 2069 1280; x_wconf 88' lang='lat' dir='ltr'><em>damna</em></span> 
     </span>
     <span class='ocr_line' id='line_1_15' title="bbox 346 1305 2066 1355; baseline 0.001 -8"><span class='ocrx_word' id='word_1_168' title='bbox 346 1306 533 1348; x_wconf 88' lang='lat' dir='ltr'><em>incendii</em></span> <span class='ocrx_word' id='word_1_169' title='bbox 567 1321 607 1348; x_wconf 88' lang='lat' dir='ltr'><em>a.</em></span> <span class='ocrx_word' id='word_1_170' title='bbox 635 1309 689 1348; x_wconf 87' lang='lat'><em>36</em></span> <span class='ocrx_word' id='word_1_171' title='bbox 725 1306 822 1348; x_wconf 92' lang='grc' dir='ltr'><em>Ταῦ.</em></span> <span class='ocrx_word' id='word_1_172' title='bbox 856 1320 895 1348; x_wconf 89' lang='lat' dir='ltr'><em>a.</em></span> <span class='ocrx_word' id='word_1_173' title='bbox 928 1309 966 1355; x_wconf 83' lang='lat'><em>6,</em></span> <span class='ocrx_word' id='word_1_174' title='bbox 997 1308 1063 1348; x_wconf 88' lang='lat'><em>45.</em></span> <span class='ocrx_word' id='word_1_175' title='bbox 1121 1306 1360 1348; x_wconf 84' lang='lat' dir='ltr'><em>Maiestatis</em></span> <span class='ocrx_word' id='word_1_176' title='bbox 1402 1312 1444 1348; x_wconf 87' lang='lat' dir='ltr'><em>et</em></span> <span class='ocrx_word' id='word_1_177' title='bbox 1473 1305 1783 1348; x_wconf 85' lang='lat' dir='ltr'><em>adulteriorum</em></span> <span class='ocrx_word' id='word_1_178' title='bbox 1814 1320 1913 1349; x_wconf 92' lang='lat' dir='ltr'><em>reus</em></span> <span class='ocrx_word' id='word_1_179' title='bbox 1943 1321 1981 1348; x_wconf 89' lang='lat' dir='ltr'><em>a.</em></span> <span class='ocrx_word' id='word_1_180' title='bbox 2012 1306 2066 1349; x_wconf 84' lang='lat'><em>37</em></span> 
     </span>
     <span class='ocr_line' id='line_1_16' title="bbox 347 1374 2068 1430; baseline 0 -13"><span class='ocrx_word' id='word_1_181' title='bbox 347 1375 462 1417; x_wconf 74' lang='lat' dir='ltr'><em>Suet.</em></span> <span class='ocrx_word' id='word_1_182' title='bbox 498 1375 600 1416; x_wconf 85' lang='lat' dir='ltr'><em>Ner.</em></span> <span class='ocrx_word' id='word_1_183' title='bbox 630 1377 655 1417; x_wconf 89' lang='lat'><em>5</em></span> <span class='ocrx_word' id='word_1_184' title='bbox 687 1376 742 1428; x_wconf 77' lang='lat' dir='ltr'><em>cf.</em></span> <span class='ocrx_word' id='word_1_185' title='bbox 781 1374 878 1417; x_wconf 98' lang='grc' dir='ltr'><em>Ταῦ.</em></span> <span class='ocrx_word' id='word_1_186' title='bbox 906 1389 945 1416; x_wconf 90' lang='lat' dir='ltr'><em>a.</em></span> <span class='ocrx_word' id='word_1_187' title='bbox 977 1378 1015 1424; x_wconf 89' lang='grc'><em>6,</em></span> <span class='ocrx_word' id='word_1_188' title='bbox 1045 1378 1102 1416; x_wconf 87' lang='grc'><em>47</em></span> <span class='ocrx_word' id='word_1_189' title='bbox 1110 1388 1122 1425; x_wconf 89' lang='grc'><em>;</em></span> <span class='ocrx_word' id='word_1_190' title='bbox 1151 1374 1238 1416; x_wconf 87' lang='lat' dir='ltr'><em>Dio</em></span> <span class='ocrx_word' id='word_1_191' title='bbox 1268 1378 1334 1424; x_wconf 81' lang='grc'><em>58,</em></span> <span class='ocrx_word' id='word_1_192' title='bbox 1366 1378 1437 1417; x_wconf 88' lang='grc'><em>27.</em></span> <span class='ocrx_word' id='word_1_193' title='bbox 1489 1375 1674 1416; x_wconf 85' lang='lat' dir='ltr'><em>Moritur</em></span> <span class='ocrx_word' id='word_1_194' title='bbox 1694 1375 1853 1430; x_wconf 85' lang='lat' dir='ltr'><em>Pyrgis</em></span> <span class='ocrx_word' id='word_1_195' title='bbox 1879 1389 1992 1416; x_wconf 88' lang='lat' dir='ltr'><em>anno</em></span> <span class='ocrx_word' id='word_1_196' title='bbox 2013 1375 2068 1417; x_wconf 89' lang='grc'><em>40</em></span> 
     </span>
     <span class='ocr_line' id='line_1_17' title="bbox 350 1442 2069 1497; baseline -0.001 -11"><span class='ocrx_word' id='word_1_197' title='bbox 350 1444 466 1486; x_wconf 79' lang='lat' dir='ltr'><em>Suet.</em></span> <span class='ocrx_word' id='word_1_198' title='bbox 492 1443 594 1485; x_wconf 91' lang='lat' dir='ltr'><em>Ner.</em></span> <span class='ocrx_word' id='word_1_199' title='bbox 615 1447 642 1486; x_wconf 90' lang='lat'><em>5</em></span> <span class='ocrx_word' id='word_1_200' title='bbox 673 1444 726 1496; x_wconf 75' lang='lat' dir='ltr'><em>cf.</em></span> <span class='ocrx_word' id='word_1_201' title='bbox 759 1449 796 1485; x_wconf 81' lang='lat' dir='ltr'><em>(i.</em></span> <span class='ocrx_word' id='word_1_202' title='bbox 826 1468 883 1472; x_wconf 77' lang='lat'><em>--</em></span> <span class='ocrx_word' id='word_1_203' title='bbox 914 1442 1103 1497; x_wconf 88' lang='lat' dir='ltr'><em>Flagitia</em></span> <span class='ocrx_word' id='word_1_204' title='bbox 1133 1443 1223 1484; x_wconf 90' lang='lat' dir='ltr'><em>eius</em></span> <span class='ocrx_word' id='word_1_205' title='bbox 1246 1443 1360 1487; x_wconf 74' lang='lat' dir='ltr'><em>Suet.</em></span> <span class='ocrx_word' id='word_1_206' title='bbox 1386 1443 1488 1487; x_wconf 87' lang='lat' dir='ltr'><em>Ner.</em></span> <span class='ocrx_word' id='word_1_207' title='bbox 1510 1446 1547 1486; x_wconf 88' lang='lat'><em>5.</em></span> <span class='ocrx_word' id='word_1_208' title='bbox 1571 1447 1609 1487; x_wconf 86' lang='lat'><em>6.</em></span> <span class='ocrx_word' id='word_1_209' title='bbox 1639 1468 1697 1472; x_wconf 91' lang='lat'><strong>—</strong></span> <span class='ocrx_word' id='word_1_210' title='bbox 1727 1444 1857 1485; x_wconf 85' lang='lat' dir='ltr'><em>Pater</em></span> <span class='ocrx_word' id='word_1_211' title='bbox 1885 1443 2069 1486; x_wconf 83' lang='lat' dir='ltr'><em>Neronis</em></span> 
     </span>
     <span class='ocr_line' id='line_1_18' title="bbox 347 1510 2068 1566; baseline 0 -13"><span class='ocrx_word' id='word_1_212' title='bbox 347 1512 462 1554; x_wconf 78' lang='lat' dir='ltr'><em>Suet.</em></span> <span class='ocrx_word' id='word_1_213' title='bbox 489 1511 592 1553; x_wconf 90' lang='lat' dir='ltr'><em>Ner.</em></span> <span class='ocrx_word' id='word_1_214' title='bbox 613 1515 652 1554; x_wconf 88' lang='lat'><em>5.</em></span> <span class='ocrx_word' id='word_1_215' title='bbox 681 1517 719 1553; x_wconf 84' lang='grc'><em>6.</em></span> <span class='ocrx_word' id='word_1_216' title='bbox 741 1515 800 1555; x_wconf 86' lang='grc'><em>28</em></span> <span class='ocrx_word' id='word_1_217' title='bbox 830 1513 884 1564; x_wconf 78' lang='lat' dir='ltr'><em>cf.</em></span> <span class='ocrx_word' id='word_1_218' title='bbox 923 1511 1019 1553; x_wconf 88' lang='lat' dir='ltr'><em>Tac.</em></span> <span class='ocrx_word' id='word_1_219' title='bbox 1043 1526 1083 1553; x_wconf 90' lang='lat' dir='ltr'><em>a.</em></span> <span class='ocrx_word' id='word_1_220' title='bbox 1106 1515 1174 1561; x_wconf 89' lang='grc'><em>12,</em></span> <span class='ocrx_word' id='word_1_221' title='bbox 1195 1515 1245 1561; x_wconf 86' lang='grc'><em>3,·</em></span> <span class='ocrx_word' id='word_1_222' title='bbox 1275 1511 1363 1553; x_wconf 87' lang='lat' dir='ltr'><em>Dio</em></span> <span class='ocrx_word' id='word_1_223' title='bbox 1384 1515 1448 1561; x_wconf 83' lang='lat'><em>61,</em></span> <span class='ocrx_word' id='word_1_224' title='bbox 1471 1515 1525 1562; x_wconf 91' lang='grc'><em>2,·</em></span> <span class='ocrx_word' id='word_1_225' title='bbox 1556 1511 1660 1554; x_wconf 70' lang='lat' dir='ltr'><em>Vici.</em></span> <span class='ocrx_word' id='word_1_226' title='bbox 1689 1510 1809 1554; x_wconf 84' lang='lat' dir='ltr'><em>Caes.</em></span> <span class='ocrx_word' id='word_1_227' title='bbox 1830 1514 1869 1562; x_wconf 89' lang='lat'><em>5,</em></span> <span class='ocrx_word' id='word_1_228' title='bbox 1892 1514 1941 1563; x_wconf 89' lang='lat'><em>1,·</em></span> <span class='ocrx_word' id='word_1_229' title='bbox 1970 1512 2068 1566; x_wconf 71' lang='lat' dir='ltr'><em>epit.</em></span> 
     </span>
     <span class='ocr_line' id='line_1_19' title="bbox 345 1578 2070 1634; baseline -0.001 -12"><span class='ocrx_word' id='word_1_230' title='bbox 345 1583 383 1630; x_wconf 92' lang='lat'><em>5,</em></span> <span class='ocrx_word' id='word_1_231' title='bbox 406 1583 455 1630; x_wconf 88' lang='grc'><em>1;</em></span> <span class='ocrx_word' id='word_1_232' title='bbox 496 1580 737 1622; x_wconf 80' lang='lat' dir='ltr'><em>Ps.-Senec.</em></span> <span class='ocrx_word' id='word_1_233' title='bbox 769 1580 910 1622; x_wconf 78' lang='lat' dir='ltr'><em>Octav.</em></span> <span class='ocrx_word' id='word_1_234' title='bbox 932 1583 1030 1623; x_wconf 85' lang='lat'><em>249.</em></span> <span class='ocrx_word' id='word_1_235' title='bbox 1090 1579 1325 1622; x_wconf 88' lang='lat' dir='ltr'><em>Memoriae</em></span> <span class='ocrx_word' id='word_1_236' title='bbox 1364 1580 1455 1621; x_wconf 89' lang='lat' dir='ltr'><em>eius</em></span> <span class='ocrx_word' id='word_1_237' title='bbox 1485 1579 1600 1621; x_wconf 87' lang='lat' dir='ltr'><em>Nero</em></span> <span class='ocrx_word' id='word_1_238' title='bbox 1642 1578 1824 1621; x_wconf 88' lang='lat' dir='ltr'><em>honores</em></span> <span class='ocrx_word' id='word_1_239' title='bbox 1856 1580 2070 1634; x_wconf 79' lang='lat' dir='ltr'><em>¹maximos</em></span> 
     </span>
     <span class='ocr_line' id='line_1_20' title="bbox 347 1646 2068 1703; baseline 0 -13"><span class='ocrx_word' id='word_1_240' title='bbox 347 1648 497 1690; x_wconf 88' lang='lat' dir='ltr'><em>habuit</em></span> <span class='ocrx_word' id='word_1_241' title='bbox 520 1648 638 1691; x_wconf 78' lang='lat' dir='ltr'><em>Suet.</em></span> <span class='ocrx_word' id='word_1_242' title='bbox 662 1647 766 1690; x_wconf 88' lang='lat' dir='ltr'><em>Ner.</em></span> <span class='ocrx_word' id='word_1_243' title='bbox 788 1652 813 1689; x_wconf 83' lang='lat'><em>9</em></span> <span class='ocrx_word' id='word_1_244' title='bbox 836 1648 890 1701; x_wconf 79' lang='lat' dir='ltr'><em>cf.</em></span> <span class='ocrx_word' id='word_1_245' title='bbox 919 1648 1016 1690; x_wconf 88' lang='grc' dir='ltr'><em>Ταῦ.</em></span> <span class='ocrx_word' id='word_1_246' title='bbox 1039 1661 1079 1689; x_wconf 89' lang='lat' dir='ltr'><em>a.</em></span> <span class='ocrx_word' id='word_1_247' title='bbox 1101 1651 1166 1698; x_wconf 89' lang='lat'><em>13,</em></span> <span class='ocrx_word' id='word_1_248' title='bbox 1187 1651 1255 1689; x_wconf 86' lang='lat'><em>10.</em></span> <span class='ocrx_word' id='word_1_249' title='bbox 1286 1646 1430 1691; x_wconf 88' lang='lat' dir='ltr'><em>Natali</em></span> <span class='ocrx_word' id='word_1_250' title='bbox 1453 1648 1558 1702; x_wconf 91' lang='lat' dir='ltr'><em>eius,</em></span> <span class='ocrx_word' id='word_1_251' title='bbox 1586 1648 1653 1690; x_wconf 91' lang='lat' dir='ltr'><em>III</em></span> <span class='ocrx_word' id='word_1_252' title='bbox 1675 1647 1771 1690; x_wconf 91' lang='lat' dir='ltr'><em>idus</em></span> <span class='ocrx_word' id='word_1_253' title='bbox 1792 1647 2068 1703; x_wconf 83' lang='lat' dir='ltr'><em>Decembres,</em></span> 
     </span>
     <span class='ocr_line' id='line_1_21' title="bbox 348 1716 2069 1759; baseline 0.001 -2"><span class='ocrx_word' id='word_1_254' title='bbox 348 1717 503 1759; x_wconf 87' lang='lat' dir='ltr'><em>fratres</em></span> <span class='ocrx_word' id='word_1_255' title='bbox 524 1716 708 1759; x_wconf 86' lang='lat' dir='ltr'><em>Arvales</em></span> <span class='ocrx_word' id='word_1_256' title='bbox 740 1716 964 1759; x_wconf 90' lang='lat' dir='ltr'><em>immolant</em></span> <span class='ocrx_word' id='word_1_257' title='bbox 996 1717 1042 1758; x_wconf 93' lang='lat' dir='ltr'><em>in</em></span> <span class='ocrx_word' id='word_1_258' title='bbox 1071 1717 1144 1758; x_wconf 90' lang='lat' dir='ltr'><em>via</em></span> <span class='ocrx_word' id='word_1_259' title='bbox 1174 1731 1297 1758; x_wconf 88' lang='lat' dir='ltr'><em>sacra</em></span> <span class='ocrx_word' id='word_1_260' title='bbox 1327 1723 1427 1758; x_wconf 88' lang='lat' dir='ltr'><em>ante</em></span> <span class='ocrx_word' id='word_1_261' title='bbox 1456 1716 1633 1759; x_wconf 91' lang='lat' dir='ltr'><em>domum</em></span> <span class='ocrx_word' id='word_1_262' title='bbox 1663 1716 1958 1759; x_wconf 86' lang='lat' dir='ltr'><em>Domitianam</em></span> <span class='ocrx_word' id='word_1_263' title='bbox 1989 1720 2069 1759; x_wconf 79' lang='lat' dir='ltr'><em>act.</em></span> 
     </span>
     <span class='ocr_line' id='line_1_22' title="bbox 348 1784 2070 1839; baseline 0.001 -13"><span class='ocrx_word' id='word_1_264' title='bbox 348 1785 451 1828; x_wconf 74' lang='lat' dir='ltr'><em>Arv.</em></span> <span class='ocrx_word' id='word_1_265' title='bbox 481 1800 520 1827; x_wconf 90' lang='lat' dir='ltr'><em>a.</em></span> <span class='ocrx_word' id='word_1_266' title='bbox 547 1788 613 1828; x_wconf 90' lang='lat'><em>55.</em></span> <span class='ocrx_word' id='word_1_267' title='bbox 634 1788 701 1828; x_wconf 88' lang='lat'><em>57.</em></span> <span class='ocrx_word' id='word_1_268' title='bbox 723 1788 790 1828; x_wconf 86' lang='grc'><em>58.</em></span> <span class='ocrx_word' id='word_1_269' title='bbox 811 1788 878 1828; x_wconf 91' lang='grc'><em>59.</em></span> <span class='ocrx_word' id='word_1_270' title='bbox 899 1810 956 1814; x_wconf 91' lang='lat'><em>——</em></span> <span class='ocrx_word' id='word_1_271' title='bbox 987 1785 1072 1827; x_wconf 85' lang='lat' dir='ltr'><em>Hic</em></span> <span class='ocrx_word' id='word_1_272' title='bbox 1103 1786 1285 1839; x_wconf 81' lang='lat' dir='ltr'><em>fortasse</em></span> <span class='ocrx_word' id='word_1_273' title='bbox 1305 1785 1524 1827; x_wconf 81' lang='lat' dir='ltr'><em>Domitius</em></span> <span class='ocrx_word' id='word_1_274' title='bbox 1554 1784 1848 1827; x_wconf 87' lang='lat' dir='ltr'><em>nobilissimus</em></span> <span class='ocrx_word' id='word_1_275' title='bbox 1874 1786 1944 1827; x_wconf 89' lang='lat' dir='ltr'><em>vir</em></span> <span class='ocrx_word' id='word_1_276' title='bbox 1972 1800 2070 1827; x_wconf 90' lang='lat' dir='ltr'><em>con-</em></span> 
     </span>
     <span class='ocr_line' id='line_1_23' title="bbox 347 1852 2072 1910; baseline 0.001 -16"><span class='ocrx_word' id='word_1_277' title='bbox 347 1852 489 1895; x_wconf 90' lang='lat' dir='ltr'><em>sulatu</em></span> <span class='ocrx_word' id='word_1_278' title='bbox 511 1853 682 1896; x_wconf 88' lang='lat' dir='ltr'><em>functus</em></span> <span class='ocrx_word' id='word_1_279' title='bbox 699 1854 773 1910; x_wconf 89' lang='lat' dir='ltr'><em>qui</em></span> <span class='ocrx_word' id='word_1_280' title='bbox 792 1853 977 1895; x_wconf 88' lang='lat' dir='ltr'><em>thermas</em></span> <span class='ocrx_word' id='word_1_281' title='bbox 999 1854 1309 1910; x_wconf 87' lang='lat' dir='ltr'><em>prospicientes</em></span> <span class='ocrx_word' id='word_1_282' title='bbox 1324 1854 1440 1895; x_wconf 89' lang='lat' dir='ltr'><em>viam</em></span> <span class='ocrx_word' id='word_1_283' title='bbox 1459 1868 1625 1895; x_wconf 88' lang='lat' dir='ltr'><em>sacram</em></span> <span class='ocrx_word' id='word_1_284' title='bbox 1646 1853 1901 1909; x_wconf 87' lang='lat' dir='ltr'><em>aedificavit,</em></span> <span class='ocrx_word' id='word_1_285' title='bbox 1923 1859 2072 1910; x_wconf 88' lang='lat' dir='ltr'><em>postea</em></span> 
     </span>
     <span class='ocr_line' id='line_1_24' title="bbox 349 1922 1347 1979; baseline 0 -15"><span class='ocrx_word' id='word_1_286' title='bbox 349 1922 591 1965; x_wconf 88' lang='lat' dir='ltr'><em>declamare</em></span> <span class='ocrx_word' id='word_1_287' title='bbox 622 1923 764 1979; x_wconf 87' lang='lat' dir='ltr'><em>coepit</em></span> <span class='ocrx_word' id='word_1_288' title='bbox 786 1922 946 1966; x_wconf 77' lang='lat' dir='ltr'><em>Seneca</em></span> <span class='ocrx_word' id='word_1_289' title='bbox 977 1925 1107 1964; x_wconf 73' lang='lat' dir='ltr'><em>contr.</em></span> <span class='ocrx_word' id='word_1_290' title='bbox 1139 1926 1178 1973; x_wconf 86' lang='lat'><em>9,</em></span> <span class='ocrx_word' id='word_1_291' title='bbox 1209 1926 1248 1973; x_wconf 90' lang='lat'><em>4,</em></span> <span class='ocrx_word' id='word_1_292' title='bbox 1280 1925 1347 1964; x_wconf 87' lang='grc'><em>18.</em></span> 
     </span>
    </p>
   </div>
   <div class='ocr_carea' id='block_1_3' title="bbox 266 2001 2112 3355">
    <p class='ocr_par' dir='ltr' id='par_1_3' title="bbox 266 2001 2112 3355">
     <span class='ocr_line' id='line_1_25' title="bbox 266 2001 2072 2054; baseline 0 -9"><span class='ocrx_word' id='word_1_293' title='bbox 266 2003 347 2045; x_wconf 85' lang='grc'><em>110</em></span> <span class='ocrx_word' id='word_1_294' title='bbox 377 2010 421 2044; x_wconf 84' lang='lat' dir='ltr'><em>L.</em></span> <span class='ocrx_word' id='word_1_295' title='bbox 453 2010 694 2045; x_wconf 81' lang='lat' dir='ltr'>DOMITIVS</span> <span class='ocrx_word' id='word_1_296' title='bbox 725 2009 1109 2047; x_wconf 80' lang='lat' dir='ltr'><em>AHENOBARBVS.</em></span> <span class='ocrx_word' id='word_1_297' title='bbox 1172 2003 1325 2045; x_wconf 66' lang='lat' dir='ltr'><em>Tituli.-</em></span> <span class='ocrx_word' id='word_1_298' title='bbox 1355 2002 1524 2044; x_wconf 63' lang='lat' dir='ltr'><em>Atticus</em></span> <span class='ocrx_word' id='word_1_299' title='bbox 1559 2002 1712 2044; x_wconf 79' lang='lat' dir='ltr'><em>OIAtt.</em></span> <span class='ocrx_word' id='word_1_300' title='bbox 1740 2006 1780 2053; x_wconf 85' lang='lat'><em>3,</em></span> <span class='ocrx_word' id='word_1_301' title='bbox 1810 2005 1892 2045; x_wconf 83' lang='grc'><em>581</em></span> <span class='ocrx_word' id='word_1_302' title='bbox 1921 2001 2072 2054; x_wconf 72' lang='lat' dir='ltr'><em>(huius</em></span> 
     </span>
     <span class='ocr_line' id='line_1_26' title="bbox 340 2068 2080 2127; baseline 0 -15"><span class='ocrx_word' id='word_1_303' title='bbox 340 2072 486 2125; x_wconf 69' lang='lat' dir='ltr'><em>potius</em></span> <span class='ocrx_word' id='word_1_304' title='bbox 526 2085 651 2124; x_wconf 78' lang='lat' dir='ltr'><em>qnam</em></span> <span class='ocrx_word' id='word_1_305' title='bbox 691 2072 776 2127; x_wconf 80' lang='lat' dir='ltr'><em>avi)</em></span> <span class='ocrx_word' id='word_1_306' title='bbox 817 2071 1030 2113; x_wconf 75' lang='lat' dir='ltr'><em>dedicatus</em></span> <span class='ocrx_word' id='word_1_307' title='bbox 1071 2085 1098 2112; x_wconf 91' lang='lat' dir='ltr'><em>a</em></span> <span class='ocrx_word' id='word_1_308' title='bbox 1129 2070 1291 2124; x_wconf 72' lang='lat' dir='ltr'><em>populo</em></span> <span class='ocrx_word' id='word_1_309' title='bbox 1321 2070 1573 2112; x_wconf 72' lang='lat' dir='ltr'><em>Atheniensi</em></span> <span class='ocrx_word' id='word_1_310' title='bbox 1602 2068 1684 2125; x_wconf 90' lang='lat'><em>(1),·</em></span> <span class='ocrx_word' id='word_1_311' title='bbox 1722 2070 1926 2114; x_wconf 75' lang='lat' dir='ltr'><em>Uticensis</em></span> <span class='ocrx_word' id='word_1_312' title='bbox 1958 2070 2080 2113; x_wconf 92' lang='lat' dir='ltr'><em>VIII</em></span> 
     </span>
     <span class='ocr_line' id='line_1_27' title="bbox 347 2136 2070 2194; baseline -0.001 -13"><span class='ocrx_word' id='word_1_313' title='bbox 347 2143 455 2181; x_wconf 87' lang='grc'><em>1180</em></span> <span class='ocrx_word' id='word_1_314' title='bbox 486 2140 538 2181; x_wconf 80' lang='lat' dir='ltr'><em>ab</em></span> <span class='ocrx_word' id='word_1_315' title='bbox 570 2140 660 2193; x_wconf 74' lang='lat' dir='ltr'><em>ipso</em></span> <span class='ocrx_word' id='word_1_316' title='bbox 687 2140 849 2193; x_wconf 76' lang='lat' dir='ltr'><em>positus</em></span> <span class='ocrx_word' id='word_1_317' title='bbox 881 2137 970 2194; x_wconf 84' lang='lat'><em>(2),·</em></span> <span class='ocrx_word' id='word_1_318' title='bbox 1001 2139 1149 2181; x_wconf 71' lang='lat' dir='ltr'><em>tabula</em></span> <span class='ocrx_word' id='word_1_319' title='bbox 1171 2141 1430 2192; x_wconf 76' lang='lat' dir='ltr'><em>patronatus</em></span> <span class='ocrx_word' id='word_1_320' title='bbox 1461 2137 1585 2180; x_wconf 89' lang='lat' dir='ltr'>VIII</span> <span class='ocrx_word' id='word_1_321' title='bbox 1607 2141 1661 2179; x_wconf 91' lang='grc'><em>68</em></span> <span class='ocrx_word' id='word_1_322' title='bbox 1691 2136 1762 2194; x_wconf 66' lang='lat'><em>63).</em></span> <span class='ocrx_word' id='word_1_323' title='bbox 1822 2137 1959 2180; x_wconf 88' lang='lat' dir='ltr'><em>Filius</em></span> <span class='ocrx_word' id='word_1_324' title='bbox 1991 2138 2070 2181; x_wconf 90' lang='grc'><em>011.</em></span> 
     </span>
     <span class='ocr_line' id='line_1_28' title="bbox 347 2205 2070 2260; baseline -0.001 -11"><span class='ocrx_word' id='word_1_325' title='bbox 347 2208 527 2249; x_wconf 89' lang='lat' dir='ltr'><em>Domitii</em></span> <span class='ocrx_word' id='word_1_326' title='bbox 550 2206 827 2250; x_wconf 88' lang='lat' dir='ltr'><em>Ahenobarbi</em></span> <span class='ocrx_word' id='word_1_327' title='bbox 850 2207 1037 2249; x_wconf 87' lang='lat' dir='ltr'><em>consulis</em></span> <span class='ocrx_word' id='word_1_328' title='bbox 1064 2222 1101 2249; x_wconf 89' lang='lat' dir='ltr'><em>a.</em></span> <span class='ocrx_word' id='word_1_329' title='bbox 1130 2223 1172 2249; x_wconf 92' lang='lat' dir='ltr'><em>u.</em></span> <span class='ocrx_word' id='word_1_330' title='bbox 1200 2222 1235 2251; x_wconf 81' lang='lat' dir='ltr'><em>c,</em></span> <span class='ocrx_word' id='word_1_331' title='bbox 1254 2207 1336 2249; x_wconf 85' lang='lat'><em>722</em></span> <span class='ocrx_word' id='word_1_332' title='bbox 1358 2205 1454 2260; x_wconf 93' lang='grc'><em>(011.</em></span> <span class='ocrx_word' id='word_1_333' title='bbox 1475 2205 1504 2247; x_wconf 89' lang='lat' dir='ltr'><em>f.</em></span> <span class='ocrx_word' id='word_1_334' title='bbox 1527 2209 1556 2247; x_wconf 80' lang='lat' dir='ltr'><em>t.</em></span> <span class='ocrx_word' id='word_1_335' title='bbox 1577 2209 1616 2256; x_wconf 88' lang='lat'><em>3,</em></span> <span class='ocrx_word' id='word_1_336' title='bbox 1640 2209 1721 2247; x_wconf 76' lang='lat' dir='ltr'><em>act.</em></span> <span class='ocrx_word' id='word_1_337' title='bbox 1738 2205 1858 2256; x_wconf 70' lang='lat' dir='ltr'><em>Arc„</em></span> <span class='ocrx_word' id='word_1_338' title='bbox 1879 2205 1968 2249; x_wconf 74' lang='lat' dir='ltr'><em>Dio</em></span> <span class='ocrx_word' id='word_1_339' title='bbox 1984 2206 2070 2249; x_wconf 79' lang='lat' dir='ltr'><em>ind.</em></span> 
     </span>
     <span class='ocr_line' id='line_1_29' title="bbox 349 2273 2070 2332; baseline -0.001 -14"><span class='ocrx_word' id='word_1_340' title='bbox 349 2276 374 2318; x_wconf 80' lang='lat' dir='ltr'><em>l.</em></span> <span class='ocrx_word' id='word_1_341' title='bbox 400 2279 484 2332; x_wconf 85' lang='lat'><em>54),</em></span> <span class='ocrx_word' id='word_1_342' title='bbox 517 2290 649 2331; x_wconf 91' lang='lat' dir='ltr'><em>nepos</em></span> <span class='ocrx_word' id='word_1_343' title='bbox 670 2275 721 2319; x_wconf 92' lang='lat' dir='ltr'><em>L.</em></span> <span class='ocrx_word' id='word_1_344' title='bbox 752 2275 934 2317; x_wconf 90' lang='lat' dir='ltr'><em>Domitii</em></span> <span class='ocrx_word' id='word_1_345' title='bbox 960 2274 1240 2317; x_wconf 87' lang='lat' dir='ltr'><em>Ahenobarbi</em></span> <span class='ocrx_word' id='word_1_346' title='bbox 1272 2273 1460 2316; x_wconf 89' lang='lat' dir='ltr'><em>consulis</em></span> <span class='ocrx_word' id='word_1_347' title='bbox 1491 2289 1528 2316; x_wconf 87' lang='lat' dir='ltr'><em>a.</em></span> <span class='ocrx_word' id='word_1_348' title='bbox 1563 2289 1603 2316; x_wconf 92' lang='lat' dir='ltr'><em>u.</em></span> <span class='ocrx_word' id='word_1_349' title='bbox 1636 2288 1672 2316; x_wconf 92' lang='lat' dir='ltr'><em>c.</em></span> <span class='ocrx_word' id='word_1_350' title='bbox 1695 2274 1778 2317; x_wconf 88' lang='lat'><em>700</em></span> <span class='ocrx_word' id='word_1_351' title='bbox 1809 2275 1876 2328; x_wconf 85' lang='lat' dir='ltr'><em>(L.</em></span> <span class='ocrx_word' id='word_1_352' title='bbox 1908 2289 1949 2316; x_wconf 90' lang='lat' dir='ltr'><em>n.</em></span> <span class='ocrx_word' id='word_1_353' title='bbox 1981 2278 2010 2317; x_wconf 82' lang='lat' dir='ltr'><em>t.</em></span> <span class='ocrx_word' id='word_1_354' title='bbox 2031 2278 2070 2325; x_wconf 89' lang='lat'><em>3,</em></span> 
     </span>
     <span class='ocr_line' id='line_1_30' title="bbox 349 2342 2070 2399; baseline 0 -13"><span class='ocrx_word' id='word_1_355' title='bbox 349 2343 427 2387; x_wconf 93' lang='grc'><em>011.</em></span> <span class='ocrx_word' id='word_1_356' title='bbox 462 2359 503 2386; x_wconf 90' lang='grc'><em>11.</em></span> <span class='ocrx_word' id='word_1_357' title='bbox 533 2344 621 2386; x_wconf 86' lang='lat' dir='ltr'><em>Dio</em></span> <span class='ocrx_word' id='word_1_358' title='bbox 655 2344 680 2386; x_wconf 80' lang='lat' dir='ltr'><em>l.</em></span> <span class='ocrx_word' id='word_1_359' title='bbox 713 2358 760 2394; x_wconf 94' lang='grc' dir='ltr'><em>ῦ.,</em></span> <span class='ocrx_word' id='word_1_360' title='bbox 795 2347 967 2399; x_wconf 87' lang='lat' dir='ltr'><em>errore).</em></span> <span class='ocrx_word' id='word_1_361' title='bbox 1013 2344 1065 2386; x_wconf 89' lang='lat' dir='ltr'><em>In</em></span> <span class='ocrx_word' id='word_1_362' title='bbox 1095 2343 1385 2386; x_wconf 86' lang='lat' dir='ltr'><em>adolescentia</em></span> <span class='ocrx_word' id='word_1_363' title='bbox 1413 2342 1639 2397; x_wconf 86' lang='lat' dir='ltr'><em>aurigandi</em></span> <span class='ocrx_word' id='word_1_364' title='bbox 1672 2349 1764 2384; x_wconf 89' lang='lat' dir='ltr'><em>arte</em></span> <span class='ocrx_word' id='word_1_365' title='bbox 1790 2342 1933 2385; x_wconf 87' lang='lat' dir='ltr'><em>clarus</em></span> <span class='ocrx_word' id='word_1_366' title='bbox 1954 2343 2070 2387; x_wconf 78' lang='lat' dir='ltr'><em>Suet.</em></span> 
     </span>
     <span class='ocr_line' id='line_1_31' title="bbox 350 2410 2073 2466; baseline -0.001 -11"><span class='ocrx_word' id='word_1_367' title='bbox 350 2413 453 2455; x_wconf 85' lang='lat' dir='ltr'><em>Ner.</em></span> <span class='ocrx_word' id='word_1_368' title='bbox 476 2419 513 2455; x_wconf 86' lang='grc'><em>6.</em></span> <span class='ocrx_word' id='word_1_369' title='bbox 555 2412 720 2455; x_wconf 88' lang='lat' dir='ltr'><em>Aedilis</em></span> <span class='ocrx_word' id='word_1_370' title='bbox 748 2428 785 2455; x_wconf 84' lang='lat' dir='ltr'><em>a.</em></span> <span class='ocrx_word' id='word_1_371' title='bbox 810 2413 892 2455; x_wconf 85' lang='lat'><em>732</em></span> <span class='ocrx_word' id='word_1_372' title='bbox 922 2413 972 2455; x_wconf 92' lang='lat' dir='ltr'><em>L.</em></span> <span class='ocrx_word' id='word_1_373' title='bbox 998 2412 1206 2455; x_wconf 88' lang='lat' dir='ltr'><em>Plancum</em></span> <span class='ocrx_word' id='word_1_374' title='bbox 1237 2426 1459 2454; x_wconf 88' lang='lat' dir='ltr'><em>censorem</em></span> <span class='ocrx_word' id='word_1_375' title='bbox 1479 2412 1552 2453; x_wconf 88' lang='lat' dir='ltr'><em>via</em></span> <span class='ocrx_word' id='word_1_376' title='bbox 1582 2410 1663 2453; x_wconf 89' lang='lat' dir='ltr'><em>sibi</em></span> <span class='ocrx_word' id='word_1_377' title='bbox 1693 2410 1903 2453; x_wconf 87' lang='lat' dir='ltr'><em>decedere</em></span> <span class='ocrx_word' id='word_1_378' title='bbox 1932 2412 2073 2466; x_wconf 85' lang='lat' dir='ltr'><em>coegit</em></span> 
     </span>
     <span class='ocr_line' id='line_1_32' title="bbox 350 2479 2070 2536; baseline -0.001 -12"><span class='ocrx_word' id='word_1_379' title='bbox 350 2481 465 2524; x_wconf 74' lang='lat' dir='ltr'><em>Suet.</em></span> <span class='ocrx_word' id='word_1_380' title='bbox 491 2482 516 2524; x_wconf 79' lang='lat' dir='ltr'><em>l.</em></span> <span class='ocrx_word' id='word_1_381' title='bbox 540 2496 573 2524; x_wconf 92' lang='grc' dir='ltr'><em>ῦ.</em></span> <span class='ocrx_word' id='word_1_382' title='bbox 606 2482 787 2524; x_wconf 89' lang='lat' dir='ltr'><em>Praetor</em></span> <span class='ocrx_word' id='word_1_383' title='bbox 810 2482 927 2524; x_wconf 79' lang='lat' dir='ltr'><em>Suet.</em></span> <span class='ocrx_word' id='word_1_384' title='bbox 951 2482 976 2524; x_wconf 85' lang='lat' dir='ltr'><em>l.</em></span> <span class='ocrx_word' id='word_1_385' title='bbox 1000 2496 1034 2524; x_wconf 93' lang='lat' dir='ltr'><em>c.</em></span> <span class='ocrx_word' id='word_1_386' title='bbox 1074 2481 1236 2524; x_wconf 84' lang='lat' dir='ltr'><em>Consul</em></span> <span class='ocrx_word' id='word_1_387' title='bbox 1266 2497 1303 2523; x_wconf 89' lang='lat' dir='ltr'><em>a.</em></span> <span class='ocrx_word' id='word_1_388' title='bbox 1328 2481 1409 2524; x_wconf 83' lang='lat'><em>738</em></span> <span class='ocrx_word' id='word_1_389' title='bbox 1441 2496 1537 2523; x_wconf 88' lang='lat' dir='ltr'><em>cum</em></span> <span class='ocrx_word' id='word_1_390' title='bbox 1559 2481 1607 2522; x_wconf 90' lang='lat' dir='ltr'><em>P.</em></span> <span class='ocrx_word' id='word_1_391' title='bbox 1630 2479 1830 2523; x_wconf 83' lang='lat' dir='ltr'><em>Cornelio</em></span> <span class='ocrx_word' id='word_1_392' title='bbox 1855 2480 2070 2536; x_wconf 86' lang='lat' dir='ltr'><em>Scipione.</em></span> 
     </span>
     <span class='ocr_line' id='line_1_33' title="bbox 350 2548 2070 2606; baseline -0.001 -15"><span class='ocrx_word' id='word_1_393' title='bbox 350 2551 402 2592; x_wconf 93' lang='lat' dir='ltr'><em>In</em></span> <span class='ocrx_word' id='word_1_394' title='bbox 423 2557 628 2606; x_wconf 88' lang='lat' dir='ltr'><em>praetura</em></span> <span class='ocrx_word' id='word_1_395' title='bbox 659 2556 701 2591; x_wconf 90' lang='lat' dir='ltr'><em>et</em></span> <span class='ocrx_word' id='word_1_396' title='bbox 730 2549 955 2592; x_wconf 88' lang='lat' dir='ltr'><em>consulatu</em></span> <span class='ocrx_word' id='word_1_397' title='bbox 977 2549 1190 2605; x_wconf 91' lang='lat' dir='ltr'><em>quomodo</em></span> <span class='ocrx_word' id='word_1_398' title='bbox 1218 2565 1264 2591; x_wconf 88' lang='lat' dir='ltr'><em>se</em></span> <span class='ocrx_word' id='word_1_399' title='bbox 1283 2551 1476 2604; x_wconf 86' lang='lat' dir='ltr'><em>gesserit,</em></span> <span class='ocrx_word' id='word_1_400' title='bbox 1509 2554 1658 2590; x_wconf 88' lang='lat' dir='ltr'><em>narrat</em></span> <span class='ocrx_word' id='word_1_401' title='bbox 1679 2549 1793 2591; x_wconf 79' lang='lat' dir='ltr'><em>Suet.</em></span> <span class='ocrx_word' id='word_1_402' title='bbox 1826 2548 1852 2590; x_wconf 85' lang='lat' dir='ltr'><em>l.</em></span> <span class='ocrx_word' id='word_1_403' title='bbox 1884 2562 1918 2590; x_wconf 92' lang='grc' dir='ltr'><em>ῦ.</em></span> <span class='ocrx_word' id='word_1_404' title='bbox 1967 2549 2070 2591; x_wconf 90' lang='lat' dir='ltr'><em>Pro-</em></span> 
     </span>
     <span class='ocr_line' id='line_1_34' title="bbox 351 2616 2072 2673; baseline 0 -14"><span class='ocrx_word' id='word_1_405' title='bbox 351 2617 499 2660; x_wconf 89' lang='lat' dir='ltr'><em>consul</em></span> <span class='ocrx_word' id='word_1_406' title='bbox 521 2617 698 2660; x_wconf 89' lang='lat' dir='ltr'><em>Africae</em></span> <span class='ocrx_word' id='word_1_407' title='bbox 719 2633 757 2659; x_wconf 90' lang='lat' dir='ltr'><em>a.</em></span> <span class='ocrx_word' id='word_1_408' title='bbox 781 2618 863 2660; x_wconf 85' lang='lat'><em>742</em></span> <span class='ocrx_word' id='word_1_409' title='bbox 896 2619 959 2659; x_wconf 73' lang='lat' dir='ltr'><em>ta.</em></span> <span class='ocrx_word' id='word_1_410' title='bbox 981 2622 1024 2661; x_wconf 87' lang='grc'><em>2.</em></span> <span class='ocrx_word' id='word_1_411' title='bbox 1045 2621 1083 2659; x_wconf 89' lang='grc'><em>3.</em></span> <span class='ocrx_word' id='word_1_412' title='bbox 1136 2618 1291 2660; x_wconf 88' lang='lat' dir='ltr'><em>Postea</em></span> <span class='ocrx_word' id='word_1_413' title='bbox 1315 2616 1491 2672; x_wconf 88' lang='lat' dir='ltr'><em>Illyrico</em></span> <span class='ocrx_word' id='word_1_414' title='bbox 1523 2623 1572 2658; x_wconf 90' lang='lat' dir='ltr'><em>ut</em></span> <span class='ocrx_word' id='word_1_415' title='bbox 1600 2616 1773 2658; x_wconf 89' lang='lat' dir='ltr'><em>videtur</em></span> <span class='ocrx_word' id='word_1_416' title='bbox 1801 2618 2072 2673; x_wconf 90' lang='lat' dir='ltr'><em>praepositus</em></span> 
     </span>
     <span class='ocr_line' id='line_1_35' title="bbox 351 2684 2072 2744; baseline -0.001 -17"><span class='ocrx_word' id='word_1_417' title='bbox 351 2685 446 2739; x_wconf 86' lang='grc' dir='ltr'>(τῶν</span> <span class='ocrx_word' id='word_1_418' title='bbox 477 2688 572 2743; x_wconf 85' lang='grc' dir='ltr'>πρὸς</span> <span class='ocrx_word' id='word_1_419' title='bbox 598 2692 656 2744; x_wconf 77' lang='grc' dir='ltr'><em>τῷ</em></span> <span class='ocrx_word' id='word_1_420' title='bbox 680 2685 820 2744; x_wconf 84' lang='grc' dir='ltr'>Ἴστρῳ</span> <span class='ocrx_word' id='word_1_421' title='bbox 852 2688 1010 2743; x_wconf 80' lang='grc' dir='ltr'>χωρίων</span> <span class='ocrx_word' id='word_1_422' title='bbox 1041 2687 1164 2743; x_wconf 79' lang='grc' dir='ltr'>ἦρχεν</span> <span class='ocrx_word' id='word_1_423' title='bbox 1185 2686 1290 2743; x_wconf 87' lang='lat' dir='ltr'><em>Dio)</em></span> <span class='ocrx_word' id='word_1_424' title='bbox 1319 2686 1597 2730; x_wconf 82' lang='lat' dir='ltr'><em>Germaniam</em></span> <span class='ocrx_word' id='word_1_425' title='bbox 1627 2685 1872 2742; x_wconf 87' lang='lat' dir='ltr'><em>penetravit</em></span> <span class='ocrx_word' id='word_1_426' title='bbox 1900 2684 2072 2740; x_wconf 87' lang='lat' dir='ltr'><em>longius</em></span> 
     </span>
     <span class='ocr_line' id='line_1_36' title="bbox 351 2753 2072 2811; baseline -0.001 -14"><span class='ocrx_word' id='word_1_427' title='bbox 351 2770 480 2811; x_wconf 90' lang='lat' dir='ltr'><em>quam</em></span> <span class='ocrx_word' id='word_1_428' title='bbox 522 2757 750 2811; x_wconf 88' lang='lat' dir='ltr'><em>quisquam</em></span> <span class='ocrx_word' id='word_1_429' title='bbox 789 2756 1001 2811; x_wconf 90' lang='lat' dir='ltr'><em>priorum,</em></span> <span class='ocrx_word' id='word_1_430' title='bbox 1045 2755 1192 2798; x_wconf 91' lang='lat' dir='ltr'><em>Albim</em></span> <span class='ocrx_word' id='word_1_431' title='bbox 1231 2754 1497 2797; x_wconf 88' lang='lat' dir='ltr'><em>transcendit</em></span> <span class='ocrx_word' id='word_1_432' title='bbox 1532 2754 1630 2796; x_wconf 88' lang='lat' dir='ltr'><em>Tac.</em></span> <span class='ocrx_word' id='word_1_433' title='bbox 1670 2767 1768 2796; x_wconf 84' lang='lat' dir='ltr'><em>ann.</em></span> <span class='ocrx_word' id='word_1_434' title='bbox 1798 2757 1838 2804; x_wconf 90' lang='lat'><em>4,</em></span> <span class='ocrx_word' id='word_1_435' title='bbox 1869 2757 1946 2804; x_wconf 84' lang='lat'><em>44;</em></span> <span class='ocrx_word' id='word_1_436' title='bbox 1982 2753 2072 2796; x_wconf 72' lang='lat' dir='ltr'><em>Dio</em></span> 
     </span>
     <span class='ocr_line' id='line_1_37' title="bbox 351 2820 2072 2879; baseline -0.001 -13"><span class='ocrx_word' id='word_1_437' title='bbox 351 2826 417 2874; x_wconf 88' lang='lat'><em>55,</em></span> <span class='ocrx_word' id='word_1_438' title='bbox 449 2827 540 2866; x_wconf 68' lang='lat'><em>10⁴1.</em></span> <span class='ocrx_word' id='word_1_439' title='bbox 599 2823 652 2866; x_wconf 91' lang='lat' dir='ltr'><em>A.</em></span> <span class='ocrx_word' id='word_1_440' title='bbox 686 2824 767 2866; x_wconf 85' lang='lat'><em>752</em></span> <span class='ocrx_word' id='word_1_441' title='bbox 799 2823 854 2865; x_wconf 89' lang='lat' dir='ltr'><em>ad</em></span> <span class='ocrx_word' id='word_1_442' title='bbox 883 2823 1083 2865; x_wconf 87' lang='lat' dir='ltr'><em>Rhenum</em></span> <span class='ocrx_word' id='word_1_443' title='bbox 1115 2829 1408 2878; x_wconf 86' lang='lat' dir='ltr'><em>transgressus</em></span> <span class='ocrx_word' id='word_1_444' title='bbox 1439 2823 1552 2879; x_wconf 85' lang='grc' dir='ltr'>(πρὸς</span> <span class='ocrx_word' id='word_1_445' title='bbox 1581 2823 1646 2864; x_wconf 85' lang='grc' dir='ltr'><em>τὸν</em></span> <span class='ocrx_word' id='word_1_446' title='bbox 1677 2820 1817 2877; x_wconf 80' lang='grc' dir='ltr'>Ῥῆνον</span> <span class='ocrx_word' id='word_1_447' title='bbox 1849 2822 2072 2878; x_wconf 81' lang='grc' dir='ltr'>μετελθὼν)</span> 
     </span>
     <span class='ocr_line' id='line_1_38' title="bbox 355 2888 2072 2946; baseline -0.001 -13"><span class='ocrx_word' id='word_1_448' title='bbox 355 2906 450 2933; x_wconf 87' lang='lat' dir='ltr'><em>cum</em></span> <span class='ocrx_word' id='word_1_449' title='bbox 474 2891 703 2934; x_wconf 83' lang='lat' dir='ltr'><em>Cheruscis</em></span> <span class='ocrx_word' id='word_1_450' title='bbox 725 2907 816 2934; x_wconf 90' lang='lat' dir='ltr'><em>rem</em></span> <span class='ocrx_word' id='word_1_451' title='bbox 836 2891 966 2934; x_wconf 87' lang='lat' dir='ltr'><em>habet</em></span> <span class='ocrx_word' id='word_1_452' title='bbox 986 2892 1074 2934; x_wconf 82' lang='lat' dir='ltr'><em>Dio</em></span> <span class='ocrx_word' id='word_1_453' title='bbox 1094 2892 1120 2934; x_wconf 78' lang='lat' dir='ltr'><em>l.</em></span> <span class='ocrx_word' id='word_1_454' title='bbox 1145 2906 1192 2942; x_wconf 88' lang='lat' dir='ltr'><em>c.,</em></span> <span class='ocrx_word' id='word_1_455' title='bbox 1224 2891 1375 2934; x_wconf 88' lang='lat' dir='ltr'><em>eodem</em></span> <span class='ocrx_word' id='word_1_456' title='bbox 1404 2891 1494 2933; x_wconf 86' lang='lat' dir='ltr'><em>fere</em></span> <span class='ocrx_word' id='word_1_457' title='bbox 1525 2898 1716 2946; x_wconf 87' lang='lat' dir='ltr'><em>tempore</em></span> <span class='ocrx_word' id='word_1_458' title='bbox 1740 2890 1853 2932; x_wconf 90' lang='lat' dir='ltr'><em>inter</em></span> <span class='ocrx_word' id='word_1_459' title='bbox 1872 2888 2072 2932; x_wconf 87' lang='lat' dir='ltr'><em>Rhenum</em></span> 
     </span>
     <span class='ocr_line' id='line_1_39' title="bbox 353 2957 2112 3016; baseline -0.002 -14"><span class='ocrx_word' id='word_1_460' title='bbox 353 2966 395 3002; x_wconf 92' lang='lat' dir='ltr'><em>et</em></span> <span class='ocrx_word' id='word_1_461' title='bbox 423 2959 635 3002; x_wconf 90' lang='lat' dir='ltr'><em>Amisiam</em></span> <span class='ocrx_word' id='word_1_462' title='bbox 666 2968 817 3016; x_wconf 89' lang='lat' dir='ltr'><em>pontes</em></span> <span class='ocrx_word' id='word_1_463' title='bbox 845 2960 996 3015; x_wconf 88' lang='lat' dir='ltr'><em>longos</em></span> <span class='ocrx_word' id='word_1_464' title='bbox 1027 2967 1217 3015; x_wconf 87' lang='lat' dir='ltr'><em>aggerat,</em></span> <span class='ocrx_word' id='word_1_465' title='bbox 1250 2959 1304 3002; x_wconf 92' lang='lat' dir='ltr'><em>de</em></span> <span class='ocrx_word' id='word_1_466' title='bbox 1332 2959 1490 3016; x_wconf 89' lang='lat' dir='ltr'><em>quibus</em></span> <span class='ocrx_word' id='word_1_467' title='bbox 1517 2960 1614 3001; x_wconf 93' lang='grc' dir='ltr'><em>Ταῦ.</em></span> <span class='ocrx_word' id='word_1_468' title='bbox 1638 2973 1736 3000; x_wconf 88' lang='lat' dir='ltr'><em>ann.</em></span> <span class='ocrx_word' id='word_1_469' title='bbox 1759 2961 1797 3008; x_wconf 86' lang='lat'><em>1,</em></span> <span class='ocrx_word' id='word_1_470' title='bbox 1819 2960 1885 3000; x_wconf 84' lang='lat'><em>63.</em></span> <span class='ocrx_word' id='word_1_471' title='bbox 1935 2957 2071 3000; x_wconf 85' lang='lat' dir='ltr'><em>Orna-</em></span> <span class='ocrx_word' id='word_1_472' title='bbox 2106 2993 2112 2995; x_wconf 72' lang='grc'><em>.</em></span> 
     </span>
     <span class='ocr_line' id='line_1_40' title="bbox 351 3024 2074 3084; baseline -0.002 -15"><span class='ocrx_word' id='word_1_473' title='bbox 351 3034 496 3069; x_wconf 86' lang='lat' dir='ltr'><em>menta</em></span> <span class='ocrx_word' id='word_1_474' title='bbox 526 3027 731 3083; x_wconf 91' lang='lat' dir='ltr'><em>triumphi</em></span> <span class='ocrx_word' id='word_1_475' title='bbox 763 3029 920 3084; x_wconf 85' lang='lat' dir='ltr'><em>accipit</em></span> <span class='ocrx_word' id='word_1_476' title='bbox 941 3028 1056 3071; x_wconf 77' lang='lat' dir='ltr'><em>Suet.</em></span> <span class='ocrx_word' id='word_1_477' title='bbox 1081 3028 1197 3070; x_wconf 89' lang='lat' dir='ltr'><em>Nero</em></span> <span class='ocrx_word' id='word_1_478' title='bbox 1216 3032 1266 3079; x_wconf 91' lang='grc'><em>4,·</em></span> <span class='ocrx_word' id='word_1_479' title='bbox 1301 3028 1399 3070; x_wconf 88' lang='grc' dir='ltr'><em>Ταῦ.</em></span> <span class='ocrx_word' id='word_1_480' title='bbox 1423 3042 1520 3070; x_wconf 88' lang='lat' dir='ltr'><em>ann.</em></span> <span class='ocrx_word' id='word_1_481' title='bbox 1548 3030 1588 3078; x_wconf 89' lang='lat'><em>4,</em></span> <span class='ocrx_word' id='word_1_482' title='bbox 1609 3030 1675 3069; x_wconf 92' lang='lat'><em>44.</em></span> <span class='ocrx_word' id='word_1_483' title='bbox 1726 3026 1880 3068; x_wconf 84' lang='lat' dir='ltr'><em>Frater</em></span> <span class='ocrx_word' id='word_1_484' title='bbox 1899 3024 2074 3067; x_wconf 87' lang='lat' dir='ltr'><em>Arvalis</em></span> 
     </span>
     <span class='ocr_line' id='line_1_41' title="bbox 353 3092 2072 3152; baseline -0.002 -15"><span class='ocrx_word' id='word_1_485' title='bbox 353 3110 391 3140; x_wconf 89' lang='lat' dir='ltr'><em>a.</em></span> <span class='ocrx_word' id='word_1_486' title='bbox 425 3096 478 3137; x_wconf 90' lang='lat'><em>14</em></span> <span class='ocrx_word' id='word_1_487' title='bbox 509 3099 588 3138; x_wconf 74' lang='lat' dir='ltr'><em>act.</em></span> <span class='ocrx_word' id='word_1_488' title='bbox 615 3095 718 3137; x_wconf 79' lang='lat' dir='ltr'><em>Arc.</em></span> <span class='ocrx_word' id='word_1_489' title='bbox 771 3096 954 3152; x_wconf 89' lang='lat' dir='ltr'><em>Emptor</em></span> <span class='ocrx_word' id='word_1_490' title='bbox 984 3095 1171 3138; x_wconf 81' lang='lat' dir='ltr'><em>familiae</em></span> <span class='ocrx_word' id='word_1_491' title='bbox 1201 3096 1497 3151; x_wconf 88' lang='lat' dir='ltr'><em>pecuniaeque</em></span> <span class='ocrx_word' id='word_1_492' title='bbox 1527 3095 1571 3136; x_wconf 93' lang='lat' dir='ltr'><em>in</em></span> <span class='ocrx_word' id='word_1_493' title='bbox 1602 3099 1856 3136; x_wconf 87' lang='lat' dir='ltr'><em>testamento</em></span> <span class='ocrx_word' id='word_1_494' title='bbox 1884 3092 2072 3148; x_wconf 83' lang='lat' dir='ltr'><em>Augusti</em></span> 
     </span>
     <span class='ocr_line' id='line_1_42' title="bbox 355 3162 2074 3214; baseline -0.002 -8"><span class='ocrx_word' id='word_1_495' title='bbox 355 3164 470 3207; x_wconf 76' lang='lat' dir='ltr'><em>Suet.</em></span> <span class='ocrx_word' id='word_1_496' title='bbox 500 3163 527 3206; x_wconf 87' lang='lat' dir='ltr'><em>l.</em></span> <span class='ocrx_word' id='word_1_497' title='bbox 561 3178 593 3205; x_wconf 90' lang='lat' dir='ltr'><em>c.</em></span> <span class='ocrx_word' id='word_1_498' title='bbox 654 3163 759 3206; x_wconf 90' lang='lat' dir='ltr'><em>Obit</em></span> <span class='ocrx_word' id='word_1_499' title='bbox 789 3179 900 3206; x_wconf 90' lang='lat' dir='ltr'><em>anno</em></span> <span class='ocrx_word' id='word_1_500' title='bbox 932 3165 985 3206; x_wconf 83' lang='lat'><em>25</em></span> <span class='ocrx_word' id='word_1_501' title='bbox 1023 3165 1119 3206; x_wconf 90' lang='grc' dir='ltr'><em>Ταῦ.</em></span> <span class='ocrx_word' id='word_1_502' title='bbox 1152 3179 1250 3206; x_wconf 89' lang='lat' dir='ltr'><em>ann.</em></span> <span class='ocrx_word' id='word_1_503' title='bbox 1280 3168 1319 3214; x_wconf 91' lang='lat'><em>4,</em></span> <span class='ocrx_word' id='word_1_504' title='bbox 1348 3167 1414 3205; x_wconf 90' lang='lat'><em>44.</em></span> <span class='ocrx_word' id='word_1_505' title='bbox 1465 3162 1525 3205; x_wconf 93' lang='lat' dir='ltr'><em>Ut</em></span> <span class='ocrx_word' id='word_1_506' title='bbox 1554 3162 1783 3204; x_wconf 89' lang='lat' dir='ltr'><em>defunctus</em></span> <span class='ocrx_word' id='word_1_507' title='bbox 1813 3166 2074 3203; x_wconf 84' lang='lat' dir='ltr'><em>memoratur</em></span> 
     </span>
     <span class='ocr_line' id='line_1_43' title="bbox 353 3229 2111 3290; baseline -0.002 -16"><span class='ocrx_word' id='word_1_508' title='bbox 353 3231 492 3274; x_wconf 80' lang='lat' dir='ltr'><em>Vellei.</em></span> <span class='ocrx_word' id='word_1_509' title='bbox 514 3235 557 3282; x_wconf 90' lang='grc'><em>2,</em></span> <span class='ocrx_word' id='word_1_510' title='bbox 583 3236 649 3275; x_wconf 90' lang='grc'><em>72.</em></span> <span class='ocrx_word' id='word_1_511' title='bbox 700 3232 845 3275; x_wconf 88' lang='lat' dir='ltr'><em>Uxor:</em></span> <span class='ocrx_word' id='word_1_512' title='bbox 873 3232 1064 3276; x_wconf 86' lang='lat' dir='ltr'><em>Antonia</em></span> <span class='ocrx_word' id='word_1_513' title='bbox 1084 3233 1143 3275; x_wconf 93' lang='lat' dir='ltr'><em>M.</em></span> <span class='ocrx_word' id='word_1_514' title='bbox 1171 3232 1349 3275; x_wconf 83' lang='lat' dir='ltr'><em>Antonii</em></span> <span class='ocrx_word' id='word_1_515' title='bbox 1382 3238 1424 3274; x_wconf 88' lang='lat' dir='ltr'><em>et</em></span> <span class='ocrx_word' id='word_1_516' title='bbox 1445 3231 1651 3274; x_wconf 85' lang='lat' dir='ltr'><em>Octaviae</em></span> <span class='ocrx_word' id='word_1_517' title='bbox 1681 3229 1768 3272; x_wconf 85' lang='lat' dir='ltr'><em>filia</em></span> <span class='ocrx_word' id='word_1_518' title='bbox 1797 3229 1934 3271; x_wconf 87' lang='lat' dir='ltr'><em>maior</em></span> <span class='ocrx_word' id='word_1_519' title='bbox 1955 3229 2071 3272; x_wconf 80' lang='lat' dir='ltr'><em>Suet.</em></span> <span class='ocrx_word' id='word_1_520' title='bbox 2106 3286 2111 3290; x_wconf 29' lang='grc' dir='ltr'>ι</span> 
     </span>
     <span class='ocr_line' id='line_1_44' title="bbox 355 3297 2071 3355; baseline -0.002 -13"><span class='ocrx_word' id='word_1_521' title='bbox 355 3300 459 3343; x_wconf 89' lang='lat' dir='ltr'><em>Ner.</em></span> <span class='ocrx_word' id='word_1_522' title='bbox 489 3303 515 3342; x_wconf 88' lang='lat'><em>5</em></span> <span class='ocrx_word' id='word_1_523' title='bbox 545 3299 703 3355; x_wconf 89' lang='lat' dir='ltr'><em>[minor</em></span> <span class='ocrx_word' id='word_1_524' title='bbox 739 3301 836 3342; x_wconf 88' lang='grc' dir='ltr'><em>Ταῦ.</em></span> <span class='ocrx_word' id='word_1_525' title='bbox 869 3315 908 3342; x_wconf 91' lang='lat' dir='ltr'><em>a.</em></span> <span class='ocrx_word' id='word_1_526' title='bbox 938 3304 977 3351; x_wconf 89' lang='grc'><em>4,</em></span> <span class='ocrx_word' id='word_1_527' title='bbox 1009 3305 1084 3352; x_wconf 85' lang='grc'><em>44;</em></span> <span class='ocrx_word' id='word_1_528' title='bbox 1124 3305 1193 3351; x_wconf 90' lang='grc'><em>12,</em></span> <span class='ocrx_word' id='word_1_529' title='bbox 1225 3305 1297 3350; x_wconf 90' lang='grc'><em>64,</em></span> <span class='ocrx_word' id='word_1_530' title='bbox 1339 3314 1480 3342; x_wconf 89' lang='lat' dir='ltr'><em>errore</em></span> <span class='ocrx_word' id='word_1_531' title='bbox 1508 3302 1556 3341; x_wconf 76' lang='lat' dir='ltr'><em>ut</em></span> <span class='ocrx_word' id='word_1_532' title='bbox 1582 3299 1746 3341; x_wconf 76' lang='lat' dir='ltr'><em>videtur</em></span> <span class='ocrx_word' id='word_1_533' title='bbox 1776 3298 1829 3351; x_wconf 80' lang='lat' dir='ltr'><em>cf.</em></span> <span class='ocrx_word' id='word_1_534' title='bbox 1860 3297 2071 3352; x_wconf 77' lang='lat' dir='ltr'><em>Boryhesi</em></span> 
     </span>
    </p>
   </div>
  </div>
 </body>
</html>
