<?xml version="1.0" encoding="UTF-8"?>
<!DOCTYPE html PUBLIC "-//W3C//DTD XHTML 1.0 Transitional//EN"
    "http://www.w3.org/TR/xhtml1/DTD/xhtml1-transitional.dtd">
<html xmlns="http://www.w3.org/1999/xhtml" xml:lang="en" lang="en">
 <head>
  <title>
</title>
<meta http-equiv="Content-Type" content="text/html;charset=utf-8" />
  <meta name='ocr-system' content='tesseract 3.04.00' />
  <meta name='ocr-capabilities' content='ocr_page ocr_carea ocr_par ocr_line ocrx_word'/>
</head>
<body>
  <div class='ocr_page' id='page_1' title='image "./prosopographiaim02akaduoft/prosopographiaim02akaduoft_0168.png"; bbox 0 0 2202 3724; ppageno 0'>
   <div class='ocr_carea' id='block_1_1' title="bbox 241 266 2045 316">
    <p class='ocr_par' dir='ltr' id='par_1_1' title="bbox 241 266 2045 316">
     <span class='ocr_line' id='line_1_1' title="bbox 241 266 2045 316; baseline -0.002 -6"><span class='ocrx_word' id='word_1_1' title='bbox 241 275 362 311; x_wconf 86' lang='lat' dir='ltr'><strong>IVBA</strong></span> <span class='ocrx_word' id='word_1_2' title='bbox 1108 266 1190 308; x_wconf 88' lang='lat'>156</span> <span class='ocrx_word' id='word_1_3' title='bbox 1878 284 1880 286; x_wconf 89' lang='lat'><em>-</em></span> <span class='ocrx_word' id='word_1_4' title='bbox 1924 271 2045 316; x_wconf 75' lang='lat' dir='ltr'><strong>-IVBA</strong></span> 
     </span>
    </p>
   </div>
   <div class='ocr_carea' id='block_1_2' title="bbox 242 398 2090 3385">
    <p class='ocr_par' dir='ltr' id='par_1_2' title="bbox 324 398 2046 591">
     <span class='ocr_line' id='line_1_2' title="bbox 324 398 2046 456; baseline -0.002 -11"><span class='ocrx_word' id='word_1_5' title='bbox 324 403 485 445; x_wconf 88' lang='lat' dir='ltr'>nummi</span> <span class='ocrx_word' id='word_1_6' title='bbox 504 402 673 456; x_wconf 74' lang='lat' dir='ltr'>Topiri,·</span> <span class='ocrx_word' id='word_1_7' title='bbox 701 400 810 442; x_wconf 91' lang='lat' dir='ltr'>male</span> <span class='ocrx_word' id='word_1_8' title='bbox 831 400 959 442; x_wconf 77' lang='lat' dir='ltr'>lectus</span> <span class='ocrx_word' id='word_1_9' title='bbox 979 403 1039 441; x_wconf 87' lang='lat' dir='ltr'>est</span> <span class='ocrx_word' id='word_1_10' title='bbox 1056 412 1250 441; x_wconf 78' lang='lat' dir='ltr'><em>nummus</em></span> <span class='ocrx_word' id='word_1_11' title='bbox 1271 413 1339 453; x_wconf 74' lang='lat' dir='ltr'>ap.</span> <span class='ocrx_word' id='word_1_12' title='bbox 1359 398 1566 440; x_wconf 88' lang='lat' dir='ltr'>Mionnet.</span> <span class='ocrx_word' id='word_1_13' title='bbox 1585 398 1631 442; x_wconf 80' lang='lat' dir='ltr'><em>S.</em></span> <span class='ocrx_word' id='word_1_14' title='bbox 1644 399 1705 440; x_wconf 96' lang='lat' dir='ltr'>II</span> <span class='ocrx_word' id='word_1_15' title='bbox 1716 402 1811 448; x_wconf 87' lang='lat'><em>500,</em></span> <span class='ocrx_word' id='word_1_16' title='bbox 1833 398 1954 453; x_wconf 89' lang='lat'><em>1753)</em></span> <span class='ocrx_word' id='word_1_17' title='bbox 1983 399 2046 441; x_wconf 85' lang='lat' dir='ltr'>vel</span> 
     </span>
     <span class='ocr_line' id='line_1_3' title="bbox 325 466 2044 526; baseline -0.002 -13"><span class='ocrx_word' id='word_1_18' title='bbox 325 473 411 526; x_wconf 77' lang='grc' dir='ltr'><em>ἥγε.</em></span> <span class='ocrx_word' id='word_1_19' title='bbox 445 469 532 512; x_wconf 87' lang='grc' dir='ltr'><em>Ἰου.</em></span> <span class='ocrx_word' id='word_1_20' title='bbox 566 471 683 525; x_wconf 79' lang='grc' dir='ltr'><em>(ἡγει.</em></span> <span class='ocrx_word' id='word_1_21' title='bbox 715 468 911 510; x_wconf 84' lang='lat' dir='ltr'>Mionnet</span> <span class='ocrx_word' id='word_1_22' title='bbox 943 467 989 509; x_wconf 80' lang='lat' dir='ltr'><em>S.</em></span> <span class='ocrx_word' id='word_1_23' title='bbox 1011 467 1072 509; x_wconf 93' lang='lat' dir='ltr'>II</span> <span class='ocrx_word' id='word_1_24' title='bbox 1093 471 1196 517; x_wconf 91' lang='lat'><em>404,</em></span> <span class='ocrx_word' id='word_1_25' title='bbox 1229 470 1342 510; x_wconf 91' lang='lat'><em>1024</em></span> <span class='ocrx_word' id='word_1_26' title='bbox 1362 469 1470 521; x_wconf 76' lang='lat' dir='ltr'>puto</span> <span class='ocrx_word' id='word_1_27' title='bbox 1491 480 1578 520; x_wconf 74' lang='lat' dir='ltr'>pro</span> <span class='ocrx_word' id='word_1_28' title='bbox 1608 469 1694 523; x_wconf 77' lang='grc' dir='ltr'><em>ἥγε.</em></span> <span class='ocrx_word' id='word_1_29' title='bbox 1728 466 1789 521; x_wconf 86' lang='grc' dir='ltr'><em>Ἰ.)</em></span> <span class='ocrx_word' id='word_1_30' title='bbox 1816 466 2044 524; x_wconf 78' lang='grc' dir='ltr'><em>Κομμόὸου.</em></span> 
     </span>
     <span class='ocr_line' id='line_1_4' title="bbox 327 534 1523 591; baseline -0.003 -11"><span class='ocrx_word' id='word_1_31' title='bbox 327 537 395 591; x_wconf 78' lang='lat' dir='ltr'>Cf.</span> <span class='ocrx_word' id='word_1_32' title='bbox 427 538 554 579; x_wconf 86' lang='lat' dir='ltr'>etiam</span> <span class='ocrx_word' id='word_1_33' title='bbox 581 537 705 590; x_wconf 80' lang='lat' dir='ltr'>infra</span> <span class='ocrx_word' id='word_1_34' title='bbox 735 535 783 579; x_wconf 97' lang='lat' dir='ltr'>C.</span> <span class='ocrx_word' id='word_1_35' title='bbox 815 534 953 577; x_wconf 91' lang='lat' dir='ltr'>Iulius</span> <span class='ocrx_word' id='word_1_36' title='bbox 984 534 1244 577; x_wconf 82' lang='lat' dir='ltr'>Commodus</span> <span class='ocrx_word' id='word_1_37' title='bbox 1275 534 1523 577; x_wconf 90' lang='lat' dir='ltr'>Orfitianus.</span> 
     </span>
    </p>

    <p class='ocr_par' dir='ltr' id='par_1_3' title="bbox 242 601 2055 2906">
     <span class='ocr_line' id='line_1_5' title="bbox 242 601 2045 657; baseline -0.001 -9"><span class='ocrx_word' id='word_1_38' title='bbox 242 607 295 648; x_wconf 88' lang='lat'>48</span> <span class='ocrx_word' id='word_1_39' title='bbox 326 605 434 647; x_wconf 90' lang='lat' dir='ltr'>Iuba</span> <span class='ocrx_word' id='word_1_40' title='bbox 451 620 528 646; x_wconf 84' lang='lat' dir='ltr'>rex</span> <span class='ocrx_word' id='word_1_41' title='bbox 543 604 851 646; x_wconf 83' lang='lat' dir='ltr'>Mauretaniae.</span> <span class='ocrx_word' id='word_1_42' title='bbox 876 603 1053 645; x_wconf 91' lang='lat' dir='ltr'>Nummi</span> <span class='ocrx_word' id='word_1_43' title='bbox 1067 617 1135 657; x_wconf 76' lang='lat' dir='ltr'>ap.</span> <span class='ocrx_word' id='word_1_44' title='bbox 1150 602 1335 644; x_wconf 76' lang='lat' dir='ltr'><em>Mueller</em></span> <span class='ocrx_word' id='word_1_45' title='bbox 1349 616 1461 644; x_wconf 89' lang='lat' dir='ltr'>num.</span> <span class='ocrx_word' id='word_1_46' title='bbox 1479 602 1529 644; x_wconf 81' lang='lat' dir='ltr'>ele</span> <span class='ocrx_word' id='word_1_47' title='bbox 1545 601 1758 656; x_wconf 79' lang='lat' dir='ltr'>l&#39;Afrique</span> <span class='ocrx_word' id='word_1_48' title='bbox 1767 606 1794 644; x_wconf 87' lang='lat'><em>3</em></span> <span class='ocrx_word' id='word_1_49' title='bbox 1799 617 1848 657; x_wconf 77' lang='lat' dir='ltr'>p.</span> <span class='ocrx_word' id='word_1_50' title='bbox 1860 606 1941 644; x_wconf 95' lang='lat'>103</span> <span class='ocrx_word' id='word_1_51' title='bbox 1951 616 2045 656; x_wconf 66' lang='lat' dir='ltr'>seq„</span> 
     </span>
     <span class='ocr_line' id='line_1_6' title="bbox 326 670 2045 727; baseline -0.002 -12"><span class='ocrx_word' id='word_1_52' title='bbox 326 677 352 715; x_wconf 87' lang='lat'><em>4</em></span> <span class='ocrx_word' id='word_1_53' title='bbox 373 687 421 727; x_wconf 75' lang='lat' dir='ltr'><em>p.</em></span> <span class='ocrx_word' id='word_1_54' title='bbox 445 676 508 716; x_wconf 86' lang='lat'><em>74.</em></span> <span class='ocrx_word' id='word_1_55' title='bbox 555 671 622 726; x_wconf 80' lang='lat' dir='ltr'><em>Of.</em></span> <span class='ocrx_word' id='word_1_56' title='bbox 644 671 699 715; x_wconf 85' lang='lat' dir='ltr'><em>R.</em></span> <span class='ocrx_word' id='word_1_57' title='bbox 722 671 770 713; x_wconf 82' lang='lat' dir='ltr'>de</span> <span class='ocrx_word' id='word_1_58' title='bbox 792 671 836 713; x_wconf 92' lang='lat' dir='ltr'>la</span> <span class='ocrx_word' id='word_1_59' title='bbox 856 670 1094 712; x_wconf 79' lang='lat' dir='ltr'>Blanehere</span> <span class='ocrx_word' id='word_1_60' title='bbox 1115 670 1163 713; x_wconf 80' lang='lat' dir='ltr'>ele</span> <span class='ocrx_word' id='word_1_61' title='bbox 1183 685 1278 725; x_wconf 74' lang='lat' dir='ltr'>reae</span> <span class='ocrx_word' id='word_1_62' title='bbox 1298 671 1412 713; x_wconf 90' lang='lat' dir='ltr'>Iuba</span> <span class='ocrx_word' id='word_1_63' title='bbox 1433 670 1594 722; x_wconf 87' lang='lat' dir='ltr'>(Paris.</span> <span class='ocrx_word' id='word_1_64' title='bbox 1615 673 1754 726; x_wconf 89' lang='lat'><em>1883).</em></span> <span class='ocrx_word' id='word_1_65' title='bbox 1805 671 1900 713; x_wconf 86' lang='lat' dir='ltr'>Rex</span> <span class='ocrx_word' id='word_1_66' title='bbox 1925 670 2045 726; x_wconf 86' lang='lat' dir='ltr'>Iuba,</span> 
     </span>
     <span class='ocr_line' id='line_1_7' title="bbox 325 737 2045 796; baseline -0.001 -14"><span class='ocrx_word' id='word_1_67' title='bbox 325 740 469 795; x_wconf 86' lang='lat' dir='ltr'>re[gis]</span> <span class='ocrx_word' id='word_1_68' title='bbox 510 740 646 782; x_wconf 91' lang='lat' dir='ltr'>Iubae</span> <span class='ocrx_word' id='word_1_69' title='bbox 685 738 818 793; x_wconf 81' lang='lat' dir='ltr'>filius,</span> <span class='ocrx_word' id='word_1_70' title='bbox 861 738 1005 793; x_wconf 90' lang='lat' dir='ltr'>regi[s]</span> <span class='ocrx_word' id='word_1_71' title='bbox 1045 737 1271 794; x_wconf 88' lang='lat' dir='ltr'>Iempsalis</span> <span class='ocrx_word' id='word_1_72' title='bbox 1311 753 1373 792; x_wconf 83' lang='lat' dir='ltr'>n.‚</span> <span class='ocrx_word' id='word_1_73' title='bbox 1416 739 1529 792; x_wconf 89' lang='lat' dir='ltr'>regis</span> <span class='ocrx_word' id='word_1_74' title='bbox 1569 738 1780 793; x_wconf 80' lang='lat' dir='ltr'>Gau[dae]</span> <span class='ocrx_word' id='word_1_75' title='bbox 1821 753 2045 796; x_wconf 76' lang='lat' dir='ltr'>pronepos,</span> 
     </span>
     <span class='ocr_line' id='line_1_8' title="bbox 330 805 2046 862; baseline 0 -13"><span class='ocrx_word' id='word_1_76' title='bbox 330 809 443 862; x_wconf 85' lang='lat' dir='ltr'>regis</span> <span class='ocrx_word' id='word_1_77' title='bbox 479 806 759 861; x_wconf 87' lang='lat' dir='ltr'>Masiniss[ae]</span> <span class='ocrx_word' id='word_1_78' title='bbox 803 807 1050 862; x_wconf 88' lang='lat' dir='ltr'>pronepotis</span> <span class='ocrx_word' id='word_1_79' title='bbox 1085 821 1218 862; x_wconf 89' lang='lat' dir='ltr'>nepos</span> <span class='ocrx_word' id='word_1_80' title='bbox 1253 807 1316 850; x_wconf 87' lang='lat' dir='ltr'>tit.</span> <span class='ocrx_word' id='word_1_81' title='bbox 1355 805 1630 860; x_wconf 72' lang='lat' dir='ltr'>Oarthayinis</span> <span class='ocrx_word' id='word_1_82' title='bbox 1667 820 1798 848; x_wconf 84' lang='lat' dir='ltr'>novae</span> <span class='ocrx_word' id='word_1_83' title='bbox 1836 807 1898 849; x_wconf 97' lang='lat' dir='ltr'>II</span> <span class='ocrx_word' id='word_1_84' title='bbox 1926 810 2046 858; x_wconf 82' lang='lat'><em>3417,</em></span> 
     </span>
     <span class='ocr_line' id='line_1_9' title="bbox 327 873 2048 930; baseline -0.001 -12"><span class='ocrx_word' id='word_1_85' title='bbox 327 876 490 918; x_wconf 87' lang='lat' dir='ltr'>scilicet</span> <span class='ocrx_word' id='word_1_86' title='bbox 519 875 634 917; x_wconf 81' lang='lat' dir='ltr'>filius</span> <span class='ocrx_word' id='word_1_87' title='bbox 667 874 800 918; x_wconf 92' lang='lat' dir='ltr'>Iubae</span> <span class='ocrx_word' id='word_1_88' title='bbox 831 875 944 928; x_wconf 86' lang='lat' dir='ltr'>regis</span> <span class='ocrx_word' id='word_1_89' title='bbox 973 874 1204 916; x_wconf 85' lang='lat' dir='ltr'>Numidiae</span> <span class='ocrx_word' id='word_1_90' title='bbox 1236 874 1394 915; x_wconf 88' lang='lat' dir='ltr'>devicti</span> <span class='ocrx_word' id='word_1_91' title='bbox 1435 873 1489 915; x_wconf 92' lang='lat' dir='ltr'>ad</span> <span class='ocrx_word' id='word_1_92' title='bbox 1519 873 1741 930; x_wconf 81' lang='lat' dir='ltr'>Thapsum</span> <span class='ocrx_word' id='word_1_93' title='bbox 1771 889 1808 916; x_wconf 90' lang='lat' dir='ltr'>a.</span> <span class='ocrx_word' id='word_1_94' title='bbox 1841 875 1935 918; x_wconf 87' lang='lat'>708.</span> <span class='ocrx_word' id='word_1_95' title='bbox 1996 875 2048 916; x_wconf 92' lang='lat' dir='ltr'>In</span> 
     </span>
     <span class='ocr_line' id='line_1_10' title="bbox 329 941 2049 1000; baseline 0 -14"><span class='ocrx_word' id='word_1_96' title='bbox 329 943 545 1000; x_wconf 91' lang='lat' dir='ltr'>triumpho</span> <span class='ocrx_word' id='word_1_97' title='bbox 577 943 730 985; x_wconf 90' lang='lat' dir='ltr'>ductus</span> <span class='ocrx_word' id='word_1_98' title='bbox 763 958 789 984; x_wconf 92' lang='lat' dir='ltr'>a</span> <span class='ocrx_word' id='word_1_99' title='bbox 820 942 1028 984; x_wconf 81' lang='lat' dir='ltr'>dictatore</span> <span class='ocrx_word' id='word_1_100' title='bbox 1056 942 1252 996; x_wconf 82' lang='lat' dir='ltr'>Caesare,</span> <span class='ocrx_word' id='word_1_101' title='bbox 1284 941 1492 998; x_wconf 85' lang='lat' dir='ltr'>parvulus</span> <span class='ocrx_word' id='word_1_102' title='bbox 1522 942 1663 984; x_wconf 86' lang='lat' dir='ltr'>adhuc</span> <span class='ocrx_word' id='word_1_103' title='bbox 1683 942 1803 987; x_wconf 90' lang='lat' dir='ltr'>Plut.</span> <span class='ocrx_word' id='word_1_104' title='bbox 1832 942 1952 986; x_wconf 79' lang='lat' dir='ltr'>Caes.</span> <span class='ocrx_word' id='word_1_105' title='bbox 1972 945 2026 986; x_wconf 84' lang='lat'>55</span> <span class='ocrx_word' id='word_1_106' title='bbox 2035 956 2049 995; x_wconf 89' lang='lat'>‚·</span> 
     </span>
     <span class='ocr_line' id='line_1_11' title="bbox 326 1009 2049 1066; baseline -0.001 -13"><span class='ocrx_word' id='word_1_107' title='bbox 326 1012 439 1066; x_wconf 73' lang='lat' dir='ltr'>App.</span> <span class='ocrx_word' id='word_1_108' title='bbox 473 1012 510 1055; x_wconf 92' lang='lat' dir='ltr'>b.</span> <span class='ocrx_word' id='word_1_109' title='bbox 544 1025 576 1053; x_wconf 81' lang='lat' dir='ltr'>c.</span> <span class='ocrx_word' id='word_1_110' title='bbox 612 1015 654 1062; x_wconf 90' lang='lat'><em>2,</em></span> <span class='ocrx_word' id='word_1_111' title='bbox 690 1014 783 1053; x_wconf 88' lang='grc'><em>101.</em></span> <span class='ocrx_word' id='word_1_112' title='bbox 846 1009 903 1064; x_wconf 91' lang='lat' dir='ltr'>(A</span> <span class='ocrx_word' id='word_1_113' title='bbox 942 1010 1147 1052; x_wconf 88' lang='lat' dir='ltr'>Romanis</span> <span class='ocrx_word' id='word_1_114' title='bbox 1187 1016 1339 1066; x_wconf 86' lang='lat' dir='ltr'>captus</span> <span class='ocrx_word' id='word_1_115' title='bbox 1380 1016 1422 1052; x_wconf 93' lang='lat' dir='ltr'>et</span> <span class='ocrx_word' id='word_1_116' title='bbox 1460 1010 1738 1065; x_wconf 88' lang='lat' dir='ltr'>verberatus,</span> <span class='ocrx_word' id='word_1_117' title='bbox 1785 1025 1865 1053; x_wconf 92' lang='lat' dir='ltr'>nec</span> <span class='ocrx_word' id='word_1_118' title='bbox 1904 1017 2049 1054; x_wconf 90' lang='lat' dir='ltr'>tamen</span> 
     </span>
     <span class='ocr_line' id='line_1_12' title="bbox 328 1077 2047 1135; baseline 0.001 -14"><span class='ocrx_word' id='word_1_119' title='bbox 328 1078 593 1134; x_wconf 83' lang='lat' dir='ltr'>interfectus,</span> <span class='ocrx_word' id='word_1_120' title='bbox 624 1085 800 1135; x_wconf 89' lang='lat' dir='ltr'>propter</span> <span class='ocrx_word' id='word_1_121' title='bbox 831 1078 1115 1120; x_wconf 89' lang='lat' dir='ltr'>eruditionem</span> <span class='ocrx_word' id='word_1_122' title='bbox 1137 1078 1329 1133; x_wconf 76' lang='lat' dir='ltr'>Suiclas).</span> <span class='ocrx_word' id='word_1_123' title='bbox 1379 1077 1603 1121; x_wconf 82' lang='lat' dir='ltr'>Educatus</span> <span class='ocrx_word' id='word_1_124' title='bbox 1625 1079 1668 1120; x_wconf 87' lang='lat' dir='ltr'>in</span> <span class='ocrx_word' id='word_1_125' title='bbox 1690 1078 1827 1134; x_wconf 80' lang='lat' dir='ltr'>Italia,</span> <span class='ocrx_word' id='word_1_126' title='bbox 1850 1078 2047 1134; x_wconf 86' lang='lat' dir='ltr'>Augusto</span> 
     </span>
     <span class='ocr_line' id='line_1_13' title="bbox 329 1146 2050 1203; baseline -0.001 -13"><span class='ocrx_word' id='word_1_127' title='bbox 329 1162 471 1190; x_wconf 88' lang='lat' dir='ltr'>comes</span> <span class='ocrx_word' id='word_1_128' title='bbox 501 1146 603 1189; x_wconf 91' lang='lat' dir='ltr'>belli</span> <span class='ocrx_word' id='word_1_129' title='bbox 632 1162 716 1203; x_wconf 93' lang='lat' dir='ltr'>quo</span> <span class='ocrx_word' id='word_1_130' title='bbox 747 1147 854 1189; x_wconf 88' lang='lat' dir='ltr'>vicit</span> <span class='ocrx_word' id='word_1_131' title='bbox 881 1146 934 1188; x_wconf 90' lang='lat' dir='ltr'>ad</span> <span class='ocrx_word' id='word_1_132' title='bbox 966 1147 1138 1189; x_wconf 88' lang='lat' dir='ltr'>Actium</span> <span class='ocrx_word' id='word_1_133' title='bbox 1167 1146 1255 1189; x_wconf 89' lang='lat' dir='ltr'>Dio</span> <span class='ocrx_word' id='word_1_134' title='bbox 1279 1149 1345 1198; x_wconf 88' lang='lat'>51,</span> <span class='ocrx_word' id='word_1_135' title='bbox 1375 1149 1440 1189; x_wconf 91' lang='lat'>15.</span> <span class='ocrx_word' id='word_1_136' title='bbox 1504 1147 1763 1189; x_wconf 87' lang='lat' dir='ltr'>Restituitur</span> <span class='ocrx_word' id='word_1_137' title='bbox 1792 1148 1837 1189; x_wconf 91' lang='lat' dir='ltr'>in</span> <span class='ocrx_word' id='word_1_138' title='bbox 1867 1161 2050 1202; x_wconf 88' lang='lat' dir='ltr'>regnum</span> 
     </span>
     <span class='ocr_line' id='line_1_14' title="bbox 327 1214 2049 1273; baseline -0.001 -15"><span class='ocrx_word' id='word_1_139' title='bbox 327 1222 554 1273; x_wconf 90' lang='lat' dir='ltr'>paternum</span> <span class='ocrx_word' id='word_1_140' title='bbox 592 1214 679 1257; x_wconf 88' lang='lat' dir='ltr'>Dio</span> <span class='ocrx_word' id='word_1_141' title='bbox 713 1214 739 1257; x_wconf 91' lang='lat' dir='ltr'>l.</span> <span class='ocrx_word' id='word_1_142' title='bbox 773 1229 807 1257; x_wconf 85' lang='lat' dir='ltr'>e.</span> <span class='ocrx_word' id='word_1_143' title='bbox 875 1215 961 1257; x_wconf 92' lang='lat' dir='ltr'>Pro</span> <span class='ocrx_word' id='word_1_144' title='bbox 1005 1214 1132 1257; x_wconf 87' lang='lat' dir='ltr'>huius</span> <span class='ocrx_word' id='word_1_145' title='bbox 1178 1221 1301 1271; x_wconf 88' lang='lat' dir='ltr'>parte</span> <span class='ocrx_word' id='word_1_146' title='bbox 1342 1230 1380 1258; x_wconf 90' lang='lat' dir='ltr'>a.</span> <span class='ocrx_word' id='word_1_147' title='bbox 1418 1215 1500 1257; x_wconf 82' lang='lat'>729</span> <span class='ocrx_word' id='word_1_148' title='bbox 1540 1215 1697 1271; x_wconf 89' lang='lat' dir='ltr'>accipit</span> <span class='ocrx_word' id='word_1_149' title='bbox 1734 1215 2049 1258; x_wconf 85' lang='lat' dir='ltr'>Mauretaniam</span> 
     </span>
     <span class='ocr_line' id='line_1_15' title="bbox 327 1283 2051 1337; baseline 0.001 -11"><span class='ocrx_word' id='word_1_150' title='bbox 327 1284 414 1327; x_wconf 84' lang='lat' dir='ltr'>Dio</span> <span class='ocrx_word' id='word_1_151' title='bbox 442 1286 507 1334; x_wconf 86' lang='lat'>53,</span> <span class='ocrx_word' id='word_1_152' title='bbox 539 1287 618 1335; x_wconf 86' lang='lat'>26;</span> <span class='ocrx_word' id='word_1_153' title='bbox 649 1283 703 1337; x_wconf 76' lang='lat' dir='ltr'>ef.</span> <span class='ocrx_word' id='word_1_154' title='bbox 736 1283 895 1326; x_wconf 79' lang='lat' dir='ltr'>Strabo</span> <span class='ocrx_word' id='word_1_155' title='bbox 925 1287 962 1334; x_wconf 89' lang='lat'><em>6,</em></span> <span class='ocrx_word' id='word_1_156' title='bbox 992 1287 1031 1334; x_wconf 89' lang='grc'>4,</span> <span class='ocrx_word' id='word_1_157' title='bbox 1062 1286 1093 1326; x_wconf 92' lang='grc'><em>2</em></span> <span class='ocrx_word' id='word_1_158' title='bbox 1113 1297 1162 1337; x_wconf 74' lang='lat' dir='ltr'>p.</span> <span class='ocrx_word' id='word_1_159' title='bbox 1184 1285 1283 1334; x_wconf 88' lang='lat'><em>288,</em></span> <span class='ocrx_word' id='word_1_160' title='bbox 1314 1286 1380 1333; x_wconf 94' lang='lat'><em>17,</em></span> <span class='ocrx_word' id='word_1_161' title='bbox 1411 1286 1449 1333; x_wconf 86' lang='lat'><em>3,</em></span> <span class='ocrx_word' id='word_1_162' title='bbox 1485 1286 1579 1337; x_wconf 74' lang='lat'><em>710.</em></span> <span class='ocrx_word' id='word_1_163' title='bbox 1600 1285 1710 1335; x_wconf 88' lang='lat'><em>828;</em></span> <span class='ocrx_word' id='word_1_164' title='bbox 1746 1284 1843 1328; x_wconf 74' lang='lat' dir='ltr'>Tae.</span> <span class='ocrx_word' id='word_1_165' title='bbox 1867 1298 1907 1328; x_wconf 86' lang='lat' dir='ltr'>a.</span> <span class='ocrx_word' id='word_1_166' title='bbox 1937 1287 1978 1335; x_wconf 85' lang='lat'><em>4,</em></span> <span class='ocrx_word' id='word_1_167' title='bbox 1999 1286 2051 1335; x_wconf 85' lang='lat'>5,-</span> 
     </span>
     <span class='ocr_line' id='line_1_16' title="bbox 329 1350 2048 1408; baseline -0.001 -13"><span class='ocrx_word' id='word_1_168' title='bbox 329 1352 432 1396; x_wconf 85' lang='lat' dir='ltr'>Viet.</span> <span class='ocrx_word' id='word_1_169' title='bbox 460 1351 580 1395; x_wconf 78' lang='lat' dir='ltr'>Caes.</span> <span class='ocrx_word' id='word_1_170' title='bbox 605 1355 645 1402; x_wconf 88' lang='lat'>4,</span> <span class='ocrx_word' id='word_1_171' title='bbox 676 1355 730 1403; x_wconf 89' lang='grc'>2,·</span> <span class='ocrx_word' id='word_1_172' title='bbox 772 1352 953 1407; x_wconf 79' lang='lat' dir='ltr'>‘primus</span> <span class='ocrx_word' id='word_1_173' title='bbox 994 1352 1166 1407; x_wconf 88' lang='lat' dir='ltr'>utrique</span> <span class='ocrx_word' id='word_1_174' title='bbox 1205 1350 1502 1394; x_wconf 87' lang='lat' dir='ltr'>Mauretaniae</span> <span class='ocrx_word' id='word_1_175' title='bbox 1540 1351 1818 1408; x_wconf 88' lang='lat' dir='ltr'>imperitavit‘</span> <span class='ocrx_word' id='word_1_176' title='bbox 1862 1351 1980 1396; x_wconf 89' lang='lat' dir='ltr'>Plin.</span> <span class='ocrx_word' id='word_1_177' title='bbox 2007 1350 2048 1393; x_wconf 87' lang='lat' dir='ltr'>h.</span> 
     </span>
     <span class='ocr_line' id='line_1_17' title="bbox 326 1419 2051 1476; baseline -0.001 -13"><span class='ocrx_word' id='word_1_178' title='bbox 326 1434 368 1463; x_wconf 87' lang='lat' dir='ltr'>n.</span> <span class='ocrx_word' id='word_1_179' title='bbox 388 1423 427 1471; x_wconf 87' lang='lat'>5,</span> <span class='ocrx_word' id='word_1_180' title='bbox 449 1423 516 1462; x_wconf 88' lang='lat'>16.</span> <span class='ocrx_word' id='word_1_181' title='bbox 572 1419 637 1462; x_wconf 95' lang='lat' dir='ltr'>Iol</span> <span class='ocrx_word' id='word_1_182' title='bbox 677 1419 884 1476; x_wconf 87' lang='lat' dir='ltr'>oppidum</span> <span class='ocrx_word' id='word_1_183' title='bbox 925 1419 1068 1461; x_wconf 89' lang='lat' dir='ltr'>sedem</span> <span class='ocrx_word' id='word_1_184' title='bbox 1108 1420 1231 1474; x_wconf 86' lang='lat' dir='ltr'>regni</span> <span class='ocrx_word' id='word_1_185' title='bbox 1267 1420 1312 1460; x_wconf 89' lang='lat' dir='ltr'>in</span> <span class='ocrx_word' id='word_1_186' title='bbox 1339 1419 1546 1461; x_wconf 88' lang='lat' dir='ltr'>honorem</span> <span class='ocrx_word' id='word_1_187' title='bbox 1575 1419 1762 1474; x_wconf 84' lang='lat' dir='ltr'>Augusti</span> <span class='ocrx_word' id='word_1_188' title='bbox 1794 1419 2051 1463; x_wconf 85' lang='lat' dir='ltr'>Caesaream</span> 
     </span>
     <span class='ocr_line' id='line_1_18' title="bbox 328 1487 2049 1545; baseline 0 -15"><span class='ocrx_word' id='word_1_189' title='bbox 328 1487 517 1545; x_wconf 90' lang='lat' dir='ltr'>appellat</span> <span class='ocrx_word' id='word_1_190' title='bbox 537 1487 696 1531; x_wconf 82' lang='lat' dir='ltr'>Strabo</span> <span class='ocrx_word' id='word_1_191' title='bbox 715 1491 782 1538; x_wconf 90' lang='lat'><em>17,</em></span> <span class='ocrx_word' id='word_1_192' title='bbox 804 1491 842 1538; x_wconf 91' lang='grc'>3,</span> <span class='ocrx_word' id='word_1_193' title='bbox 866 1491 923 1531; x_wconf 90' lang='grc'><em>12</em></span> <span class='ocrx_word' id='word_1_194' title='bbox 934 1502 982 1542; x_wconf 75' lang='lat' dir='ltr'>p.</span> <span class='ocrx_word' id='word_1_195' title='bbox 999 1490 1103 1539; x_wconf 89' lang='lat'><em>831,·</em></span> <span class='ocrx_word' id='word_1_196' title='bbox 1134 1487 1257 1530; x_wconf 88' lang='lat' dir='ltr'>Mela</span> <span class='ocrx_word' id='word_1_197' title='bbox 1276 1490 1314 1538; x_wconf 92' lang='lat'><em>1,</em></span> <span class='ocrx_word' id='word_1_198' title='bbox 1335 1490 1410 1539; x_wconf 89' lang='lat'><em>30,·</em></span> <span class='ocrx_word' id='word_1_199' title='bbox 1439 1487 1556 1529; x_wconf 88' lang='lat' dir='ltr'>Plin.</span> <span class='ocrx_word' id='word_1_200' title='bbox 1578 1487 1616 1531; x_wconf 91' lang='lat' dir='ltr'>h.</span> <span class='ocrx_word' id='word_1_201' title='bbox 1638 1502 1681 1530; x_wconf 91' lang='lat' dir='ltr'>n.</span> <span class='ocrx_word' id='word_1_202' title='bbox 1702 1490 1741 1539; x_wconf 91' lang='lat'><em>5,</em></span> <span class='ocrx_word' id='word_1_203' title='bbox 1762 1492 1845 1538; x_wconf 88' lang='lat'><em>20‚·</em></span> <span class='ocrx_word' id='word_1_204' title='bbox 1875 1488 2049 1531; x_wconf 82' lang='lat' dir='ltr'>Solinus</span> 
     </span>
     <span class='ocr_line' id='line_1_19' title="bbox 328 1554 2048 1611; baseline -0.001 -12"><span class='ocrx_word' id='word_1_205' title='bbox 328 1559 398 1607; x_wconf 90' lang='lat'>25,</span> <span class='ocrx_word' id='word_1_206' title='bbox 420 1559 495 1606; x_wconf 85' lang='lat'><em>16,</em></span> <span class='ocrx_word' id='word_1_207' title='bbox 529 1555 782 1599; x_wconf 85' lang='lat' dir='ltr'>Caesaream</span> <span class='ocrx_word' id='word_1_208' title='bbox 813 1555 960 1597; x_wconf 91' lang='lat' dir='ltr'>condit</span> <span class='ocrx_word' id='word_1_209' title='bbox 990 1557 1035 1598; x_wconf 92' lang='lat' dir='ltr'>in</span> <span class='ocrx_word' id='word_1_210' title='bbox 1062 1555 1268 1597; x_wconf 90' lang='lat' dir='ltr'>honorem</span> <span class='ocrx_word' id='word_1_211' title='bbox 1296 1554 1487 1610; x_wconf 87' lang='lat' dir='ltr'>Augusti</span> <span class='ocrx_word' id='word_1_212' title='bbox 1516 1555 1753 1611; x_wconf 73' lang='lat' dir='ltr'>Eutropius</span> <span class='ocrx_word' id='word_1_213' title='bbox 1780 1560 1817 1607; x_wconf 91' lang='lat'><em>7,</em></span> <span class='ocrx_word' id='word_1_214' title='bbox 1839 1560 1893 1599; x_wconf 93' lang='lat'>10</span> <span class='ocrx_word' id='word_1_215' title='bbox 1902 1569 1916 1608; x_wconf 88' lang='lat'><em>;</em></span> <span class='ocrx_word' id='word_1_216' title='bbox 1943 1555 2048 1598; x_wconf 85' lang='lat' dir='ltr'>Am-</span> 
     </span>
     <span class='ocr_line' id='line_1_20' title="bbox 329 1623 2049 1680; baseline 0.002 -14"><span class='ocrx_word' id='word_1_217' title='bbox 329 1624 470 1679; x_wconf 73' lang='lat' dir='ltr'>pelius</span> <span class='ocrx_word' id='word_1_218' title='bbox 490 1626 557 1666; x_wconf 87' lang='lat'><em>38.</em></span> <span class='ocrx_word' id='word_1_219' title='bbox 598 1623 882 1667; x_wconf 83' lang='lat' dir='ltr'>Gaetulorum</span> <span class='ocrx_word' id='word_1_220' title='bbox 912 1623 1166 1666; x_wconf 87' lang='lat' dir='ltr'>seditionem</span> <span class='ocrx_word' id='word_1_221' title='bbox 1193 1624 1434 1680; x_wconf 87' lang='lat' dir='ltr'>perpetitur</span> <span class='ocrx_word' id='word_1_222' title='bbox 1454 1624 1509 1678; x_wconf 91' lang='lat' dir='ltr'>(a.</span> <span class='ocrx_word' id='word_1_223' title='bbox 1531 1639 1572 1680; x_wconf 90' lang='lat' dir='ltr'>p.</span> <span class='ocrx_word' id='word_1_224' title='bbox 1595 1623 1697 1667; x_wconf 85' lang='lat' dir='ltr'>Chr.</span> <span class='ocrx_word' id='word_1_225' title='bbox 1719 1625 1763 1679; x_wconf 89' lang='lat'>6)</span> <span class='ocrx_word' id='word_1_226' title='bbox 1784 1624 1873 1667; x_wconf 83' lang='lat' dir='ltr'>Dio</span> <span class='ocrx_word' id='word_1_227' title='bbox 1890 1627 1956 1675; x_wconf 90' lang='lat'><em>55,</em></span> <span class='ocrx_word' id='word_1_228' title='bbox 1978 1627 2049 1669; x_wconf 89' lang='grc'>28.</span> 
     </span>
     <span class='ocr_line' id='line_1_21' title="bbox 328 1691 2051 1749; baseline 0.001 -15"><span class='ocrx_word' id='word_1_229' title='bbox 328 1693 523 1736; x_wconf 85' lang='lat' dir='ltr'>Uxorem</span> <span class='ocrx_word' id='word_1_230' title='bbox 557 1691 683 1734; x_wconf 86' lang='lat' dir='ltr'>duxit</span> <span class='ocrx_word' id='word_1_231' title='bbox 719 1691 992 1749; x_wconf 86' lang='lat' dir='ltr'>Cleopatram</span> <span class='ocrx_word' id='word_1_232' title='bbox 1035 1691 1218 1734; x_wconf 85' lang='lat' dir='ltr'>Selenen</span> <span class='ocrx_word' id='word_1_233' title='bbox 1248 1691 1308 1736; x_wconf 91' lang='lat' dir='ltr'>M.</span> <span class='ocrx_word' id='word_1_234' title='bbox 1339 1691 1517 1734; x_wconf 85' lang='lat' dir='ltr'>Antonii</span> <span class='ocrx_word' id='word_1_235' title='bbox 1557 1699 1600 1735; x_wconf 92' lang='lat' dir='ltr'>et</span> <span class='ocrx_word' id='word_1_236' title='bbox 1628 1691 1880 1749; x_wconf 88' lang='lat' dir='ltr'>Cleopatrae</span> <span class='ocrx_word' id='word_1_237' title='bbox 1918 1692 2051 1735; x_wconf 78' lang='lat' dir='ltr'>filiam</span> 
     </span>
     <span class='ocr_line' id='line_1_22' title="bbox 330 1759 2047 1814; baseline 0.001 -12"><span class='ocrx_word' id='word_1_238' title='bbox 330 1760 449 1805; x_wconf 86' lang='lat' dir='ltr'>Plut.</span> <span class='ocrx_word' id='word_1_239' title='bbox 482 1759 585 1804; x_wconf 88' lang='lat' dir='ltr'>Ant.</span> <span class='ocrx_word' id='word_1_240' title='bbox 615 1762 674 1802; x_wconf 90' lang='grc'><em>87</em></span> <span class='ocrx_word' id='word_1_241' title='bbox 681 1773 694 1812; x_wconf 90' lang='grc'>,·</span> <span class='ocrx_word' id='word_1_242' title='bbox 733 1759 821 1803; x_wconf 89' lang='lat' dir='ltr'>Dio</span> <span class='ocrx_word' id='word_1_243' title='bbox 849 1762 914 1810; x_wconf 89' lang='lat'>51,</span> <span class='ocrx_word' id='word_1_244' title='bbox 947 1762 1000 1802; x_wconf 94' lang='grc'>15</span> <span class='ocrx_word' id='word_1_245' title='bbox 1009 1773 1022 1811; x_wconf 90' lang='grc'><strong><em>;</em></strong></span> <span class='ocrx_word' id='word_1_246' title='bbox 1052 1760 1106 1813; x_wconf 80' lang='lat' dir='ltr'>ef.</span> <span class='ocrx_word' id='word_1_247' title='bbox 1137 1759 1295 1803; x_wconf 80' lang='lat' dir='ltr'>Strabo</span> <span class='ocrx_word' id='word_1_248' title='bbox 1326 1762 1391 1810; x_wconf 93' lang='lat'><em>17,</em></span> <span class='ocrx_word' id='word_1_249' title='bbox 1413 1763 1453 1810; x_wconf 88' lang='lat'><em>3,</em></span> <span class='ocrx_word' id='word_1_250' title='bbox 1478 1763 1566 1814; x_wconf 74' lang='lat'><em>710.</em></span> <span class='ocrx_word' id='word_1_251' title='bbox 1584 1763 1694 1812; x_wconf 91' lang='grc'><em>828,·</em></span> <span class='ocrx_word' id='word_1_252' title='bbox 1725 1761 1840 1804; x_wconf 79' lang='lat' dir='ltr'>Suet.</span> <span class='ocrx_word' id='word_1_253' title='bbox 1864 1760 1957 1804; x_wconf 82' lang='lat' dir='ltr'>Gal.</span> <span class='ocrx_word' id='word_1_254' title='bbox 1978 1764 2047 1812; x_wconf 89' lang='grc'><em>26,</em></span> 
     </span>
     <span class='ocr_line' id='line_1_23' title="bbox 331 1827 2048 1884; baseline 0.001 -14"><span class='ocrx_word' id='word_1_255' title='bbox 331 1843 418 1870; x_wconf 93' lang='lat' dir='ltr'>non</span> <span class='ocrx_word' id='word_1_256' title='bbox 448 1834 545 1884; x_wconf 92' lang='lat' dir='ltr'>post</span> <span class='ocrx_word' id='word_1_257' title='bbox 563 1843 724 1870; x_wconf 91' lang='lat' dir='ltr'>annum</span> <span class='ocrx_word' id='word_1_258' title='bbox 747 1828 830 1871; x_wconf 85' lang='lat'>7:34</span> <span class='ocrx_word' id='word_1_259' title='bbox 860 1828 1031 1870; x_wconf 88' lang='lat' dir='ltr'>testibus</span> <span class='ocrx_word' id='word_1_260' title='bbox 1050 1828 1231 1870; x_wconf 89' lang='lat' dir='ltr'>nummis</span> <span class='ocrx_word' id='word_1_261' title='bbox 1252 1828 1305 1882; x_wconf 84' lang='lat' dir='ltr'>ef.</span> <span class='ocrx_word' id='word_1_262' title='bbox 1330 1827 1567 1871; x_wconf 77' lang='lat' dir='ltr'>Mommsen</span> <span class='ocrx_word' id='word_1_263' title='bbox 1588 1829 1679 1883; x_wconf 76' lang='lat' dir='ltr'>eph.</span> <span class='ocrx_word' id='word_1_264' title='bbox 1701 1830 1830 1884; x_wconf 76' lang='lat' dir='ltr'>epiyr.</span> <span class='ocrx_word' id='word_1_265' title='bbox 1847 1830 1882 1872; x_wconf 97' lang='lat' dir='ltr'><strong><em>I</em></strong></span> <span class='ocrx_word' id='word_1_266' title='bbox 1884 1844 1934 1884; x_wconf 78' lang='lat' dir='ltr'>p.</span> <span class='ocrx_word' id='word_1_267' title='bbox 1950 1832 2048 1880; x_wconf 88' lang='grc'><em>276,</em></span> 
     </span>
     <span class='ocr_line' id='line_1_24' title="bbox 331 1895 2052 1953; baseline 0.001 -15"><span class='ocrx_word' id='word_1_268' title='bbox 331 1911 387 1938; x_wconf 86' lang='lat' dir='ltr'>ex</span> <span class='ocrx_word' id='word_1_269' title='bbox 417 1911 503 1952; x_wconf 91' lang='lat' dir='ltr'>qua</span> <span class='ocrx_word' id='word_1_270' title='bbox 531 1897 684 1951; x_wconf 86' lang='lat' dir='ltr'>genuit</span> <span class='ocrx_word' id='word_1_271' title='bbox 711 1895 847 1938; x_wconf 90' lang='lat' dir='ltr'>filium</span> <span class='ocrx_word' id='word_1_272' title='bbox 877 1895 1193 1950; x_wconf 76' lang='lat' dir='ltr'>Ptolemaeum3</span> <span class='ocrx_word' id='word_1_273' title='bbox 1229 1902 1377 1952; x_wconf 89' lang='lat' dir='ltr'>postea</span> <span class='ocrx_word' id='word_1_274' title='bbox 1408 1895 1676 1953; x_wconf 80' lang='lat' dir='ltr'>Glaphyram</span> <span class='ocrx_word' id='word_1_275' title='bbox 1705 1896 1906 1940; x_wconf 81' lang='lat' dir='ltr'>Archelai</span> <span class='ocrx_word' id='word_1_276' title='bbox 1938 1898 2052 1953; x_wconf 86' lang='lat' dir='ltr'>regis</span> 
     </span>
     <span class='ocr_line' id='line_1_25' title="bbox 333 1961 2049 2020; baseline 0.001 -13"><span class='ocrx_word' id='word_1_277' title='bbox 333 1964 639 2020; x_wconf 88' lang='lat' dir='ltr'>Cappadocum</span> <span class='ocrx_word' id='word_1_278' title='bbox 667 1963 799 2006; x_wconf 90' lang='lat' dir='ltr'>filiam</span> <span class='ocrx_word' id='word_1_279' title='bbox 829 1964 1031 2018; x_wconf 72' lang='lat' dir='ltr'>Iosephus</span> <span class='ocrx_word' id='word_1_280' title='bbox 1060 1961 1152 2006; x_wconf 86' lang='lat' dir='ltr'>bell.</span> <span class='ocrx_word' id='word_1_281' title='bbox 1184 1964 1282 2006; x_wconf 85' lang='lat' dir='ltr'>Iud.</span> <span class='ocrx_word' id='word_1_282' title='bbox 1303 1967 1346 2014; x_wconf 91' lang='lat'><em>2,</em></span> <span class='ocrx_word' id='word_1_283' title='bbox 1370 1967 1408 2015; x_wconf 90' lang='lat'><em>7,</em></span> <span class='ocrx_word' id='word_1_284' title='bbox 1429 1968 1467 2015; x_wconf 85' lang='lat'><em>4,</em></span> <span class='ocrx_word' id='word_1_285' title='bbox 1500 1968 1586 2007; x_wconf 89' lang='lat' dir='ltr'>ant.</span> <span class='ocrx_word' id='word_1_286' title='bbox 1608 1968 1674 2016; x_wconf 89' lang='lat'><em>17,</em></span> <span class='ocrx_word' id='word_1_287' title='bbox 1696 1968 1761 2016; x_wconf 91' lang='lat'><em>13,</em></span> <span class='ocrx_word' id='word_1_288' title='bbox 1782 1969 1810 2007; x_wconf 90' lang='lat'><em>4</em></span> <span class='ocrx_word' id='word_1_289' title='bbox 1840 1965 2049 2019; x_wconf 81' lang='lat' dir='ltr'>(mutilum</span> 
     </span>
     <span class='ocr_line' id='line_1_26' title="bbox 332 2031 2054 2089; baseline 0.001 -15"><span class='ocrx_word' id='word_1_290' title='bbox 332 2032 498 2074; x_wconf 89' lang='lat' dir='ltr'>titulum</span> <span class='ocrx_word' id='word_1_291' title='bbox 518 2032 708 2074; x_wconf 79' lang='lat' dir='ltr'>Atticum</span> <span class='ocrx_word' id='word_1_292' title='bbox 731 2031 848 2075; x_wconf 80' lang='lat' dir='ltr'>CIA.</span> <span class='ocrx_word' id='word_1_293' title='bbox 870 2033 958 2074; x_wconf 94' lang='lat' dir='ltr'>III</span> <span class='ocrx_word' id='word_1_294' title='bbox 968 2035 1048 2075; x_wconf 89' lang='lat'><em>549</em></span> <span class='ocrx_word' id='word_1_295' title='bbox 1069 2035 1257 2086; x_wconf 73' lang='lat' dir='ltr'>spectare</span> <span class='ocrx_word' id='word_1_296' title='bbox 1279 2032 1336 2074; x_wconf 76' lang='lat' dir='ltr'>ael</span> <span class='ocrx_word' id='word_1_297' title='bbox 1356 2033 1512 2075; x_wconf 93' lang='lat' dir='ltr'>Iubam</span> <span class='ocrx_word' id='word_1_298' title='bbox 1531 2036 1570 2075; x_wconf 90' lang='lat' dir='ltr'>et</span> <span class='ocrx_word' id='word_1_299' title='bbox 1593 2032 1858 2089; x_wconf 74' lang='lat' dir='ltr'>Glaphyram</span> <span class='ocrx_word' id='word_1_300' title='bbox 1878 2035 2054 2077; x_wconf 82' lang='lat' dir='ltr'>coniecit</span> 
     </span>
     <span class='ocr_line' id='line_1_27' title="bbox 331 2100 2052 2157; baseline 0.001 -15"><span class='ocrx_word' id='word_1_301' title='bbox 331 2101 618 2143; x_wconf 88' lang='lat' dir='ltr'>Mommsenus</span> <span class='ocrx_word' id='word_1_302' title='bbox 644 2100 757 2154; x_wconf 75' lang='lat' dir='ltr'>Eph.</span> <span class='ocrx_word' id='word_1_303' title='bbox 788 2115 850 2155; x_wconf 72' lang='lat' dir='ltr'>ep.</span> <span class='ocrx_word' id='word_1_304' title='bbox 880 2101 915 2143; x_wconf 96' lang='lat' dir='ltr'><strong><em>I</em></strong></span> <span class='ocrx_word' id='word_1_305' title='bbox 926 2115 975 2155; x_wconf 75' lang='lat' dir='ltr'>p.</span> <span class='ocrx_word' id='word_1_306' title='bbox 1006 2103 1123 2157; x_wconf 86' lang='lat'><em>277);</em></span> <span class='ocrx_word' id='word_1_307' title='bbox 1164 2115 1289 2154; x_wconf 79' lang='lat' dir='ltr'>quam</span> <span class='ocrx_word' id='word_1_308' title='bbox 1328 2115 1425 2143; x_wconf 81' lang='lat' dir='ltr'>mox</span> <span class='ocrx_word' id='word_1_309' title='bbox 1462 2101 1627 2144; x_wconf 79' lang='lat' dir='ltr'>videtur</span> <span class='ocrx_word' id='word_1_310' title='bbox 1661 2102 1867 2145; x_wconf 76' lang='lat' dir='ltr'>dimisisse</span> <span class='ocrx_word' id='word_1_311' title='bbox 1903 2101 2052 2154; x_wconf 86' lang='lat' dir='ltr'>(morte</span> 
     </span>
     <span class='ocr_line' id='line_1_28' title="bbox 332 2168 2049 2226; baseline 0.002 -16"><span class='ocrx_word' id='word_1_312' title='bbox 332 2169 480 2210; x_wconf 89' lang='lat' dir='ltr'>mariti</span> <span class='ocrx_word' id='word_1_313' title='bbox 505 2168 769 2223; x_wconf 73' lang='lat' dir='ltr'>Glaphyram</span> <span class='ocrx_word' id='word_1_314' title='bbox 797 2183 901 2211; x_wconf 81' lang='lat' dir='ltr'>novo</span> <span class='ocrx_word' id='word_1_315' title='bbox 931 2170 1200 2211; x_wconf 88' lang='lat' dir='ltr'>matrimonio</span> <span class='ocrx_word' id='word_1_316' title='bbox 1230 2183 1408 2213; x_wconf 79' lang='lat' dir='ltr'>vacuam</span> <span class='ocrx_word' id='word_1_317' title='bbox 1436 2170 1598 2224; x_wconf 79' lang='lat' dir='ltr'>factam</span> <span class='ocrx_word' id='word_1_318' title='bbox 1628 2184 1712 2214; x_wconf 87' lang='lat' dir='ltr'>esse</span> <span class='ocrx_word' id='word_1_319' title='bbox 1743 2171 1806 2213; x_wconf 90' lang='lat' dir='ltr'>ait</span> <span class='ocrx_word' id='word_1_320' title='bbox 1834 2171 2049 2226; x_wconf 79' lang='lat' dir='ltr'>Iosephus,</span> 
     </span>
     <span class='ocr_line' id='line_1_29' title="bbox 333 2236 2054 2294; baseline 0.002 -15"><span class='ocrx_word' id='word_1_321' title='bbox 333 2237 406 2279; x_wconf 82' lang='lat' dir='ltr'>sed</span> <span class='ocrx_word' id='word_1_322' title='bbox 443 2236 614 2291; x_wconf 92' lang='lat' dir='ltr'>errore).</span> <span class='ocrx_word' id='word_1_323' title='bbox 675 2237 856 2280; x_wconf 65' lang='lat' dir='ltr'>Ciuitate</span> <span class='ocrx_word' id='word_1_324' title='bbox 886 2237 1086 2280; x_wconf 87' lang='lat' dir='ltr'>Romana</span> <span class='ocrx_word' id='word_1_325' title='bbox 1125 2252 1216 2280; x_wconf 91' lang='lat' dir='ltr'>eum</span> <span class='ocrx_word' id='word_1_326' title='bbox 1256 2238 1456 2280; x_wconf 85' lang='lat' dir='ltr'>donatum</span> <span class='ocrx_word' id='word_1_327' title='bbox 1486 2252 1571 2281; x_wconf 89' lang='lat' dir='ltr'>esse</span> <span class='ocrx_word' id='word_1_328' title='bbox 1602 2240 1655 2281; x_wconf 89' lang='lat' dir='ltr'>ab</span> <span class='ocrx_word' id='word_1_329' title='bbox 1686 2239 1880 2294; x_wconf 73' lang='lat' dir='ltr'>Auyusto</span> <span class='ocrx_word' id='word_1_330' title='bbox 1910 2239 2054 2294; x_wconf 75' lang='lat' dir='ltr'>eolliyi</span> 
     </span>
     <span class='ocr_line' id='line_1_30' title="bbox 334 2305 2051 2363; baseline 0.002 -16"><span class='ocrx_word' id='word_1_331' title='bbox 334 2308 475 2359; x_wconf 76' lang='lat' dir='ltr'>potest</span> <span class='ocrx_word' id='word_1_332' title='bbox 503 2319 554 2348; x_wconf 77' lang='lat' dir='ltr'>ex</span> <span class='ocrx_word' id='word_1_333' title='bbox 585 2319 631 2348; x_wconf 91' lang='lat' dir='ltr'>eo</span> <span class='ocrx_word' id='word_1_334' title='bbox 670 2305 781 2360; x_wconf 79' lang='lat' dir='ltr'>quod</span> <span class='ocrx_word' id='word_1_335' title='bbox 819 2305 995 2351; x_wconf 76' lang='lat' dir='ltr'>libertae</span> <span class='ocrx_word' id='word_1_336' title='bbox 1025 2307 1113 2348; x_wconf 91' lang='lat' dir='ltr'>eius</span> <span class='ocrx_word' id='word_1_337' title='bbox 1141 2306 1369 2349; x_wconf 74' lang='lat' dir='ltr'>nonnullae</span> <span class='ocrx_word' id='word_1_338' title='bbox 1400 2306 1647 2349; x_wconf 79' lang='lat' dir='ltr'>dicebantur</span> <span class='ocrx_word' id='word_1_339' title='bbox 1675 2306 1834 2356; x_wconf 84' lang='lat' dir='ltr'>Iuliae,</span> <span class='ocrx_word' id='word_1_340' title='bbox 1864 2307 1977 2363; x_wconf 77' lang='lat' dir='ltr'>Eph.</span> <span class='ocrx_word' id='word_1_341' title='bbox 2009 2307 2051 2350; x_wconf 88' lang='lat' dir='ltr'><strong><em>V</em></strong></span> 
     </span>
     <span class='ocr_line' id='line_1_31' title="bbox 333 2373 2050 2428; baseline 0.002 -13"><span class='ocrx_word' id='word_1_342' title='bbox 333 2376 453 2416; x_wconf 90' lang='lat'><em>1015.</em></span> <span class='ocrx_word' id='word_1_343' title='bbox 493 2376 606 2417; x_wconf 92' lang='lat'><em>1020</em></span> <span class='ocrx_word' id='word_1_344' title='bbox 647 2374 700 2428; x_wconf 78' lang='lat' dir='ltr'>cf.</span> <span class='ocrx_word' id='word_1_345' title='bbox 739 2377 859 2416; x_wconf 87' lang='grc'><em>1016.</em></span> <span class='ocrx_word' id='word_1_346' title='bbox 919 2374 1184 2417; x_wconf 83' lang='lat' dir='ltr'>Memoratur</span> <span class='ocrx_word' id='word_1_347' title='bbox 1227 2375 1272 2416; x_wconf 91' lang='lat' dir='ltr'>in</span> <span class='ocrx_word' id='word_1_348' title='bbox 1311 2373 1446 2416; x_wconf 87' lang='lat' dir='ltr'>titulis</span> <span class='ocrx_word' id='word_1_349' title='bbox 1487 2374 1565 2416; x_wconf 88' lang='lat' dir='ltr'>filii</span> <span class='ocrx_word' id='word_1_350' title='bbox 1605 2375 1729 2418; x_wconf 87' lang='lat' dir='ltr'><strong><em>VIII</em></strong></span> <span class='ocrx_word' id='word_1_351' title='bbox 1747 2378 1851 2427; x_wconf 86' lang='grc'><em>841;</em></span> <span class='ocrx_word' id='word_1_352' title='bbox 1897 2374 2050 2420; x_wconf 81' lang='lat' dir='ltr'>GIAtt.</span> 
     </span>
     <span class='ocr_line' id='line_1_32' title="bbox 333 2441 2053 2499; baseline 0.002 -16"><span class='ocrx_word' id='word_1_353' title='bbox 333 2442 421 2483; x_wconf 94' lang='lat' dir='ltr'>III</span> <span class='ocrx_word' id='word_1_354' title='bbox 432 2444 511 2484; x_wconf 90' lang='lat'>555</span> <span class='ocrx_word' id='word_1_355' title='bbox 520 2454 534 2492; x_wconf 92' lang='grc'>,·</span> <span class='ocrx_word' id='word_1_356' title='bbox 561 2441 683 2484; x_wconf 75' lang='lat' dir='ltr'><em>GIG.</em></span> <span class='ocrx_word' id='word_1_357' title='bbox 704 2445 816 2485; x_wconf 89' lang='lat'><em>4269</em></span> <span class='ocrx_word' id='word_1_358' title='bbox 828 2443 855 2485; x_wconf 60' lang='grc' dir='ltr'>ὃ.</span> <span class='ocrx_word' id='word_1_359' title='bbox 892 2441 1060 2484; x_wconf 90' lang='lat' dir='ltr'>Liberti</span> <span class='ocrx_word' id='word_1_360' title='bbox 1080 2441 1346 2499; x_wconf 89' lang='lat' dir='ltr'>libertaeque</span> <span class='ocrx_word' id='word_1_361' title='bbox 1367 2443 1458 2484; x_wconf 87' lang='lat' dir='ltr'>eius</span> <span class='ocrx_word' id='word_1_362' title='bbox 1479 2443 1525 2485; x_wconf 91' lang='lat' dir='ltr'>in</span> <span class='ocrx_word' id='word_1_363' title='bbox 1546 2443 1680 2486; x_wconf 90' lang='lat' dir='ltr'>titulis</span> <span class='ocrx_word' id='word_1_364' title='bbox 1707 2442 2053 2486; x_wconf 79' lang='lat' dir='ltr'>Caesariensibus</span> 
     </span>
     <span class='ocr_line' id='line_1_33' title="bbox 335 2509 2055 2565; baseline 0.002 -14"><span class='ocrx_word' id='word_1_365' title='bbox 335 2509 457 2551; x_wconf 90' lang='lat' dir='ltr'><strong><em>VIII</em></strong></span> <span class='ocrx_word' id='word_1_366' title='bbox 464 2512 581 2552; x_wconf 84' lang='grc'><em>9344.</em></span> <span class='ocrx_word' id='word_1_367' title='bbox 605 2512 724 2552; x_wconf 77' lang='lat'><em>9348.</em></span> <span class='ocrx_word' id='word_1_368' title='bbox 747 2513 867 2553; x_wconf 80' lang='lat'><em>9349.</em></span> <span class='ocrx_word' id='word_1_369' title='bbox 887 2513 1015 2562; x_wconf 82' lang='lat'><em>9350;</em></span> <span class='ocrx_word' id='word_1_370' title='bbox 1034 2510 1148 2565; x_wconf 75' lang='lat' dir='ltr'>Eph.</span> <span class='ocrx_word' id='word_1_371' title='bbox 1171 2510 1343 2554; x_wconf 78' lang='lat' dir='ltr'><em>V1012.</em></span> <span class='ocrx_word' id='word_1_372' title='bbox 1359 2513 1480 2553; x_wconf 84' lang='lat'><em>1015.</em></span> <span class='ocrx_word' id='word_1_373' title='bbox 1497 2514 1617 2554; x_wconf 84' lang='lat'><em>1016.</em></span> <span class='ocrx_word' id='word_1_374' title='bbox 1634 2515 1755 2554; x_wconf 88' lang='grc'><em>1019.</em></span> <span class='ocrx_word' id='word_1_375' title='bbox 1772 2515 1898 2555; x_wconf 74' lang='lat'><em>1020.</em></span> <span class='ocrx_word' id='word_1_376' title='bbox 1916 2515 2055 2564; x_wconf 77' lang='lat'><em>1021;</em></span> 
     </span>
     <span class='ocr_line' id='line_1_34' title="bbox 335 2576 2054 2634; baseline 0.002 -15"><span class='ocrx_word' id='word_1_377' title='bbox 335 2578 449 2631; x_wconf 88' lang='lat' dir='ltr'>regis</span> <span class='ocrx_word' id='word_1_378' title='bbox 471 2576 604 2620; x_wconf 89' lang='lat' dir='ltr'>Iubae</span> <span class='ocrx_word' id='word_1_379' title='bbox 623 2578 754 2620; x_wconf 87' lang='lat' dir='ltr'>mima</span> <span class='ocrx_word' id='word_1_380' title='bbox 779 2578 847 2621; x_wconf 84' lang='lat' dir='ltr'>VI</span> <span class='ocrx_word' id='word_1_381' title='bbox 858 2581 1005 2622; x_wconf 92' lang='lat'><em>10110.</em></span> <span class='ocrx_word' id='word_1_382' title='bbox 1037 2578 1248 2633; x_wconf 74' lang='lat' dir='ltr'>Reynavit</span> <span class='ocrx_word' id='word_1_383' title='bbox 1268 2592 1401 2621; x_wconf 90' lang='lat' dir='ltr'>annos</span> <span class='ocrx_word' id='word_1_384' title='bbox 1421 2578 1871 2634; x_wconf 75' lang='lat' dir='ltr'>duodequinquayinta,</span> <span class='ocrx_word' id='word_1_385' title='bbox 1891 2580 2054 2623; x_wconf 84' lang='lat' dir='ltr'>nummi</span> 
     </span>
     <span class='ocr_line' id='line_1_35' title="bbox 333 2645 2052 2703; baseline 0.002 -16"><span class='ocrx_word' id='word_1_386' title='bbox 333 2645 409 2687; x_wconf 82' lang='lat' dir='ltr'>hoe</span> <span class='ocrx_word' id='word_1_387' title='bbox 427 2659 597 2688; x_wconf 91' lang='lat' dir='ltr'>numero</span> <span class='ocrx_word' id='word_1_388' title='bbox 617 2647 756 2688; x_wconf 88' lang='lat' dir='ltr'>notati</span> <span class='ocrx_word' id='word_1_389' title='bbox 775 2647 829 2700; x_wconf 81' lang='lat' dir='ltr'>cf.</span> <span class='ocrx_word' id='word_1_390' title='bbox 846 2647 898 2689; x_wconf 93' lang='lat' dir='ltr'>L.</span> <span class='ocrx_word' id='word_1_391' title='bbox 912 2646 1096 2689; x_wconf 81' lang='lat' dir='ltr'>Mueller</span> <span class='ocrx_word' id='word_1_392' title='bbox 1114 2661 1225 2689; x_wconf 88' lang='lat' dir='ltr'>num.</span> <span class='ocrx_word' id='word_1_393' title='bbox 1244 2647 1293 2689; x_wconf 82' lang='lat' dir='ltr'>de</span> <span class='ocrx_word' id='word_1_394' title='bbox 1309 2646 1520 2701; x_wconf 78' lang='lat' dir='ltr'>l’Afrique</span> <span class='ocrx_word' id='word_1_395' title='bbox 1538 2650 1624 2702; x_wconf 73' lang='lat'><em>310.</em></span> <span class='ocrx_word' id='word_1_396' title='bbox 1636 2651 1716 2690; x_wconf 90' lang='lat'>114</span> <span class='ocrx_word' id='word_1_397' title='bbox 1736 2648 1810 2702; x_wconf 78' lang='lat' dir='ltr'>qui</span> <span class='ocrx_word' id='word_1_398' title='bbox 1818 2651 1921 2703; x_wconf 77' lang='lat' dir='ltr'>post</span> <span class='ocrx_word' id='word_1_399' title='bbox 1942 2648 2052 2691; x_wconf 86' lang='lat' dir='ltr'>alios</span> 
     </span>
     <span class='ocr_line' id='line_1_36' title="bbox 336 2714 2052 2771; baseline 0.003 -16"><span class='ocrx_word' id='word_1_400' title='bbox 336 2714 567 2768; x_wconf 75' lang='lat' dir='ltr'>probatum</span> <span class='ocrx_word' id='word_1_401' title='bbox 593 2715 670 2756; x_wconf 85' lang='lat' dir='ltr'>ivit</span> <span class='ocrx_word' id='word_1_402' title='bbox 690 2728 822 2757; x_wconf 89' lang='lat' dir='ltr'>annos</span> <span class='ocrx_word' id='word_1_403' title='bbox 846 2715 967 2770; x_wconf 74' lang='lat' dir='ltr'>reyni</span> <span class='ocrx_word' id='word_1_404' title='bbox 983 2715 1203 2758; x_wconf 88' lang='lat' dir='ltr'>numerari</span> <span class='ocrx_word' id='word_1_405' title='bbox 1224 2716 1276 2757; x_wconf 93' lang='lat' dir='ltr'>ab</span> <span class='ocrx_word' id='word_1_406' title='bbox 1303 2730 1342 2758; x_wconf 91' lang='lat' dir='ltr'>a.</span> <span class='ocrx_word' id='word_1_407' title='bbox 1361 2719 1469 2767; x_wconf 87' lang='grc'><em>729,·</em></span> <span class='ocrx_word' id='word_1_408' title='bbox 1495 2715 1659 2758; x_wconf 82' lang='lat' dir='ltr'>videtur</span> <span class='ocrx_word' id='word_1_409' title='bbox 1680 2717 1813 2771; x_wconf 74' lang='lat' dir='ltr'>iqitur</span> <span class='ocrx_word' id='word_1_410' title='bbox 1832 2717 2052 2760; x_wconf 76' lang='lat' dir='ltr'>excessisse</span> 
     </span>
     <span class='ocr_line' id='line_1_37' title="bbox 335 2781 2055 2838; baseline 0.002 -15"><span class='ocrx_word' id='word_1_411' title='bbox 335 2795 374 2823; x_wconf 88' lang='lat' dir='ltr'>a.</span> <span class='ocrx_word' id='word_1_412' title='bbox 401 2796 447 2835; x_wconf 77' lang='lat' dir='ltr'>p.</span> <span class='ocrx_word' id='word_1_413' title='bbox 477 2781 523 2826; x_wconf 79' lang='lat' dir='ltr'><em>G.</em></span> <span class='ocrx_word' id='word_1_414' title='bbox 553 2785 611 2825; x_wconf 85' lang='lat'>23</span> <span class='ocrx_word' id='word_1_415' title='bbox 650 2783 713 2838; x_wconf 91' lang='lat' dir='ltr'>(ut</span> <span class='ocrx_word' id='word_1_416' title='bbox 749 2784 866 2825; x_wconf 82' lang='lat' dir='ltr'>vivus</span> <span class='ocrx_word' id='word_1_417' title='bbox 894 2786 1152 2826; x_wconf 87' lang='lat' dir='ltr'>memoratur</span> <span class='ocrx_word' id='word_1_418' title='bbox 1182 2797 1210 2825; x_wconf 91' lang='lat' dir='ltr'>a</span> <span class='ocrx_word' id='word_1_419' title='bbox 1240 2783 1450 2827; x_wconf 81' lang='lat' dir='ltr'>Strabone</span> <span class='ocrx_word' id='word_1_420' title='bbox 1475 2787 1513 2835; x_wconf 88' lang='grc'>6,</span> <span class='ocrx_word' id='word_1_421' title='bbox 1544 2788 1583 2835; x_wconf 91' lang='grc'>4,</span> <span class='ocrx_word' id='word_1_422' title='bbox 1614 2788 1646 2828; x_wconf 88' lang='grc'><em>2</em></span> <span class='ocrx_word' id='word_1_423' title='bbox 1667 2799 1715 2838; x_wconf 73' lang='lat' dir='ltr'>p.</span> <span class='ocrx_word' id='word_1_424' title='bbox 1734 2787 1835 2835; x_wconf 89' lang='lat'><em>288,</em></span> <span class='ocrx_word' id='word_1_425' title='bbox 1874 2785 1973 2826; x_wconf 88' lang='lat' dir='ltr'>item</span> <span class='ocrx_word' id='word_1_426' title='bbox 2005 2788 2055 2827; x_wconf 88' lang='lat' dir='ltr'>ut</span> 
     </span>
     <span class='ocr_line' id='line_1_38' title="bbox 334 2849 2054 2906; baseline 0.002 -15"><span class='ocrx_word' id='word_1_427' title='bbox 334 2849 498 2891; x_wconf 80' lang='lat' dir='ltr'>videtur</span> <span class='ocrx_word' id='word_1_428' title='bbox 526 2851 602 2892; x_wconf 88' lang='lat' dir='ltr'>sub</span> <span class='ocrx_word' id='word_1_429' title='bbox 635 2865 662 2892; x_wconf 93' lang='lat' dir='ltr'>a</span> <span class='ocrx_word' id='word_1_430' title='bbox 694 2854 753 2894; x_wconf 90' lang='lat'>23</span> <span class='ocrx_word' id='word_1_431' title='bbox 781 2865 808 2893; x_wconf 89' lang='lat' dir='ltr'>a</span> <span class='ocrx_word' id='word_1_432' title='bbox 843 2851 989 2894; x_wconf 81' lang='lat' dir='ltr'>Tacito</span> <span class='ocrx_word' id='word_1_433' title='bbox 1020 2865 1118 2896; x_wconf 84' lang='lat' dir='ltr'>ann.</span> <span class='ocrx_word' id='word_1_434' title='bbox 1147 2855 1186 2902; x_wconf 90' lang='lat'><em>4,</em></span> <span class='ocrx_word' id='word_1_435' title='bbox 1216 2855 1255 2902; x_wconf 90' lang='lat'><em>4,</em></span> <span class='ocrx_word' id='word_1_436' title='bbox 1285 2855 1333 2894; x_wconf 92' lang='lat' dir='ltr'>ut</span> <span class='ocrx_word' id='word_1_437' title='bbox 1358 2866 1492 2906; x_wconf 76' lang='lat' dir='ltr'>nuper</span> <span class='ocrx_word' id='word_1_438' title='bbox 1520 2855 1710 2894; x_wconf 90' lang='lat' dir='ltr'>mortuus</span> <span class='ocrx_word' id='word_1_439' title='bbox 1738 2856 1994 2895; x_wconf 89' lang='lat' dir='ltr'>memoratur</span> <span class='ocrx_word' id='word_1_440' title='bbox 2026 2867 2054 2895; x_wconf 90' lang='lat' dir='ltr'>a</span> 
     </span>
    </p>

    <p class='ocr_par' dir='ltr' id='par_1_4' title="bbox 249 2918 2090 3385">
     <span class='ocr_line' id='line_1_39' title="bbox 249 2918 2051 2976; baseline 0.002 -16"><span class='ocrx_word' id='word_1_441' title='bbox 249 2974 252 2975; x_wconf 19' lang='lat'><em>⁷</em></span> <span class='ocrx_word' id='word_1_442' title='bbox 337 2918 546 2961; x_wconf 81' lang='lat' dir='ltr'>Strabone</span> <span class='ocrx_word' id='word_1_443' title='bbox 565 2922 631 2969; x_wconf 90' lang='lat'><em>17,</em></span> <span class='ocrx_word' id='word_1_444' title='bbox 652 2921 691 2969; x_wconf 89' lang='lat'><em>3,</em></span> <span class='ocrx_word' id='word_1_445' title='bbox 716 2922 753 2961; x_wconf 92' lang='lat'>7.</span> <span class='ocrx_word' id='word_1_446' title='bbox 775 2921 802 2961; x_wconf 90' lang='lat'><em>8</em></span> <span class='ocrx_word' id='word_1_447' title='bbox 826 2934 870 2974; x_wconf 76' lang='lat' dir='ltr'>p.</span> <span class='ocrx_word' id='word_1_448' title='bbox 891 2922 990 2963; x_wconf 87' lang='lat'><em>828.</em></span> <span class='ocrx_word' id='word_1_449' title='bbox 1011 2922 1121 2971; x_wconf 88' lang='grc'><em>829,·</em></span> <span class='ocrx_word' id='word_1_450' title='bbox 1147 2923 1213 2970; x_wconf 92' lang='grc'>17,</span> <span class='ocrx_word' id='word_1_451' title='bbox 1235 2923 1274 2970; x_wconf 89' lang='lat'><em>3,</em></span> <span class='ocrx_word' id='word_1_452' title='bbox 1296 2922 1354 2964; x_wconf 87' lang='lat'>25</span> <span class='ocrx_word' id='word_1_453' title='bbox 1373 2935 1422 2975; x_wconf 72' lang='lat' dir='ltr'>p.</span> <span class='ocrx_word' id='word_1_454' title='bbox 1443 2923 1525 2962; x_wconf 87' lang='lat'>840</span> <span class='ocrx_word' id='word_1_455' title='bbox 1535 2934 1548 2972; x_wconf 90' lang='lat'><em>;</em></span> <span class='ocrx_word' id='word_1_456' title='bbox 1578 2921 1632 2974; x_wconf 80' lang='lat' dir='ltr'>ef.</span> <span class='ocrx_word' id='word_1_457' title='bbox 1663 2920 1804 2963; x_wconf 87' lang='lat' dir='ltr'>Ruehl</span> <span class='ocrx_word' id='word_1_458' title='bbox 1832 2920 1987 2964; x_wconf 87' lang='lat' dir='ltr'>Jahrb.</span> <span class='ocrx_word' id='word_1_459' title='bbox 2017 2922 2051 2976; x_wconf 82' lang='lat' dir='ltr'><em>f.</em></span> 
     </span>
     <span class='ocr_line' id='line_1_40' title="bbox 343 2986 2054 3045; baseline 0.002 -18"><span class='ocrx_word' id='word_1_460' title='bbox 343 2986 464 3028; x_wconf 86' lang='lat' dir='ltr'>Phil.</span> <span class='ocrx_word' id='word_1_461' title='bbox 486 2989 596 3028; x_wconf 88' lang='grc'><em>1878</em></span> <span class='ocrx_word' id='word_1_462' title='bbox 615 3001 664 3041; x_wconf 75' lang='lat' dir='ltr'>p.</span> <span class='ocrx_word' id='word_1_463' title='bbox 685 2986 795 3041; x_wconf 85' lang='lat'><em>543).</em></span> <span class='ocrx_word' id='word_1_464' title='bbox 845 2987 1017 3030; x_wconf 88' lang='lat' dir='ltr'>Duovir</span> <span class='ocrx_word' id='word_1_465' title='bbox 1042 2986 1236 3031; x_wconf 83' lang='lat' dir='ltr'>Gadibus</span> <span class='ocrx_word' id='word_1_466' title='bbox 1257 2987 1444 3030; x_wconf 84' lang='lat' dir='ltr'>Avienus</span> <span class='ocrx_word' id='word_1_467' title='bbox 1465 3002 1542 3030; x_wconf 91' lang='lat' dir='ltr'>ora</span> <span class='ocrx_word' id='word_1_468' title='bbox 1570 2989 1712 3031; x_wconf 87' lang='lat' dir='ltr'>marit.</span> <span class='ocrx_word' id='word_1_469' title='bbox 1734 2991 1831 3033; x_wconf 89' lang='grc'><em>284.</em></span> <span class='ocrx_word' id='word_1_470' title='bbox 1882 2989 2054 3045; x_wconf 87' lang='lat' dir='ltr'>Duovir</span> 
     </span>
     <span class='ocr_line' id='line_1_41' title="bbox 337 3053 2054 3114; baseline 0.002 -19"><span class='ocrx_word' id='word_1_471' title='bbox 337 3053 599 3108; x_wconf 86' lang='lat' dir='ltr'>Carthagine</span> <span class='ocrx_word' id='word_1_472' title='bbox 637 3069 752 3096; x_wconf 91' lang='lat' dir='ltr'>nova</span> <span class='ocrx_word' id='word_1_473' title='bbox 788 3056 951 3097; x_wconf 86' lang='lat' dir='ltr'>nummi</span> <span class='ocrx_word' id='word_1_474' title='bbox 989 3070 1057 3110; x_wconf 77' lang='lat' dir='ltr'>ap.</span> <span class='ocrx_word' id='word_1_475' title='bbox 1088 3056 1140 3099; x_wconf 91' lang='lat' dir='ltr'><em>L.</em></span> <span class='ocrx_word' id='word_1_476' title='bbox 1172 3055 1356 3098; x_wconf 86' lang='lat' dir='ltr'>Mueller</span> <span class='ocrx_word' id='word_1_477' title='bbox 1385 3069 1498 3098; x_wconf 90' lang='lat' dir='ltr'>num.</span> <span class='ocrx_word' id='word_1_478' title='bbox 1532 3056 1581 3098; x_wconf 81' lang='lat' dir='ltr'>de</span> <span class='ocrx_word' id='word_1_479' title='bbox 1617 3056 1828 3111; x_wconf 78' lang='lat' dir='ltr'>l’Afrique</span> <span class='ocrx_word' id='word_1_480' title='bbox 1852 3060 1885 3114; x_wconf 74' lang='grc' dir='ltr'>ῥ’</span> <span class='ocrx_word' id='word_1_481' title='bbox 1905 3071 1952 3111; x_wconf 74' lang='lat' dir='ltr'>p.</span> <span class='ocrx_word' id='word_1_482' title='bbox 1974 3059 2054 3098; x_wconf 90' lang='lat'>111</span> 
     </span>
     <span class='ocr_line' id='line_1_42' title="bbox 336 3122 2051 3181; baseline 0.002 -18"><span class='ocrx_word' id='word_1_483' title='bbox 336 3135 378 3163; x_wconf 92' lang='lat' dir='ltr'>n.</span> <span class='ocrx_word' id='word_1_484' title='bbox 398 3124 502 3173; x_wconf 90' lang='grc'><em>108;</em></span> <span class='ocrx_word' id='word_1_485' title='bbox 532 3122 677 3165; x_wconf 91' lang='lat' dir='ltr'>titulus</span> <span class='ocrx_word' id='word_1_486' title='bbox 704 3122 1068 3178; x_wconf 72' lang='lat' dir='ltr'>Carthayiniensis</span> <span class='ocrx_word' id='word_1_487' title='bbox 1087 3124 1148 3166; x_wconf 94' lang='lat' dir='ltr'>II</span> <span class='ocrx_word' id='word_1_488' title='bbox 1159 3126 1271 3166; x_wconf 83' lang='grc'><em>3417</em></span> <span class='ocrx_word' id='word_1_489' title='bbox 1276 3137 1291 3175; x_wconf 93' lang='grc'>,·</span> <span class='ocrx_word' id='word_1_490' title='bbox 1320 3124 1511 3166; x_wconf 90' lang='lat' dir='ltr'>eiusdem</span> <span class='ocrx_word' id='word_1_491' title='bbox 1543 3124 1735 3167; x_wconf 89' lang='lat' dir='ltr'>coloniae</span> <span class='ocrx_word' id='word_1_492' title='bbox 1764 3131 1973 3181; x_wconf 84' lang='lat' dir='ltr'>patronus</span> <span class='ocrx_word' id='word_1_493' title='bbox 1992 3123 2051 3166; x_wconf 77' lang='lat' dir='ltr'>id.</span> 
     </span>
     <span class='ocr_line' id='line_1_43' title="bbox 338 3188 2054 3248; baseline 0.002 -17"><span class='ocrx_word' id='word_1_494' title='bbox 338 3188 605 3232; x_wconf 81' lang='lat' dir='ltr'>‘Studiorum</span> <span class='ocrx_word' id='word_1_495' title='bbox 626 3190 819 3233; x_wconf 84' lang='lat' dir='ltr'>claritate</span> <span class='ocrx_word' id='word_1_496' title='bbox 839 3191 1158 3233; x_wconf 89' lang='lat' dir='ltr'>memorabilior</span> <span class='ocrx_word' id='word_1_497' title='bbox 1178 3192 1304 3234; x_wconf 87' lang='lat' dir='ltr'>etiam</span> <span class='ocrx_word' id='word_1_498' title='bbox 1327 3207 1455 3248; x_wconf 92' lang='lat' dir='ltr'>quam</span> <span class='ocrx_word' id='word_1_499' title='bbox 1476 3199 1640 3247; x_wconf 83' lang='lat' dir='ltr'>regno’,</span> <span class='ocrx_word' id='word_1_500' title='bbox 1661 3193 1778 3237; x_wconf 87' lang='lat' dir='ltr'>Plin.</span> <span class='ocrx_word' id='word_1_501' title='bbox 1794 3193 1834 3236; x_wconf 89' lang='lat' dir='ltr'>h.</span> <span class='ocrx_word' id='word_1_502' title='bbox 1855 3207 1897 3236; x_wconf 87' lang='lat' dir='ltr'>n.</span> <span class='ocrx_word' id='word_1_503' title='bbox 1916 3195 1956 3244; x_wconf 90' lang='lat'>5,</span> <span class='ocrx_word' id='word_1_504' title='bbox 1978 3195 2054 3243; x_wconf 84' lang='lat'><em>16,-</em></span> 
     </span>
     <span class='ocr_line' id='line_1_44' title="bbox 339 3256 2048 3317; baseline 0.002 -19"><span class='ocrx_word' id='word_1_505' title='bbox 339 3256 466 3299; x_wconf 91' lang='lat' dir='ltr'>valde</span> <span class='ocrx_word' id='word_1_506' title='bbox 486 3257 620 3300; x_wconf 90' lang='lat' dir='ltr'>multa</span> <span class='ocrx_word' id='word_1_507' title='bbox 641 3259 810 3315; x_wconf 90' lang='lat' dir='ltr'>scripsit</span> <span class='ocrx_word' id='word_1_508' title='bbox 829 3259 1001 3304; x_wconf 77' lang='lat' dir='ltr'>Suiclas.</span> <span class='ocrx_word' id='word_1_509' title='bbox 1046 3259 1114 3301; x_wconf 89' lang='lat' dir='ltr'>De</span> <span class='ocrx_word' id='word_1_510' title='bbox 1133 3260 1302 3314; x_wconf 75' lang='lat' dir='ltr'>seriptis</span> <span class='ocrx_word' id='word_1_511' title='bbox 1323 3261 1410 3302; x_wconf 89' lang='lat' dir='ltr'>eius</span> <span class='ocrx_word' id='word_1_512' title='bbox 1431 3261 1485 3314; x_wconf 82' lang='lat' dir='ltr'>ef.</span> <span class='ocrx_word' id='word_1_513' title='bbox 1504 3261 1686 3303; x_wconf 89' lang='lat' dir='ltr'>Mueller</span> <span class='ocrx_word' id='word_1_514' title='bbox 1706 3261 1763 3315; x_wconf 81' lang='lat' dir='ltr'>fr.</span> <span class='ocrx_word' id='word_1_515' title='bbox 1779 3260 2048 3317; x_wconf 63' lang='lat' dir='ltr'>hist0Graee.</span> 
     </span>
     <span class='ocr_line' id='line_1_45' title="bbox 337 3319 2090 3385; baseline 0.003 -19"><span class='ocrx_word' id='word_1_516' title='bbox 337 3325 424 3367; x_wconf 94' lang='lat' dir='ltr'>III</span> <span class='ocrx_word' id='word_1_517' title='bbox 442 3341 486 3379; x_wconf 75' lang='lat' dir='ltr'>p.</span> <span class='ocrx_word' id='word_1_518' title='bbox 507 3329 591 3368; x_wconf 91' lang='grc'>467</span> <span class='ocrx_word' id='word_1_519' title='bbox 607 3340 687 3380; x_wconf 81' lang='lat' dir='ltr'>seq.</span> <span class='ocrx_word' id='word_1_520' title='bbox 728 3327 882 3369; x_wconf 85' lang='lat' dir='ltr'>Libros</span> <span class='ocrx_word' id='word_1_521' title='bbox 902 3327 957 3369; x_wconf 92' lang='lat' dir='ltr'>de</span> <span class='ocrx_word' id='word_1_522' title='bbox 977 3327 1142 3370; x_wconf 89' lang='lat' dir='ltr'>Arabia</span> <span class='ocrx_word' id='word_1_523' title='bbox 1162 3327 1234 3381; x_wconf 91' lang='lat' dir='ltr'>(de</span> <span class='ocrx_word' id='word_1_524' title='bbox 1255 3327 1442 3371; x_wconf 90' lang='lat' dir='ltr'>Arabica</span> <span class='ocrx_word' id='word_1_525' title='bbox 1462 3328 1735 3385; x_wconf 86' lang='lat' dir='ltr'>expeditione</span> <span class='ocrx_word' id='word_1_526' title='bbox 1755 3328 1877 3371; x_wconf 87' lang='lat' dir='ltr'>Plin.</span> <span class='ocrx_word' id='word_1_527' title='bbox 1894 3331 1934 3380; x_wconf 89' lang='lat'><em>6,</em></span> <span class='ocrx_word' id='word_1_528' title='bbox 1950 3329 2052 3382; x_wconf 84' lang='lat'>141)</span> <span class='ocrx_word' id='word_1_529' title='bbox 2085 3319 2090 3322; x_wconf 32' lang='lat'>²</span> 
     </span>
    </p>
   </div>
  </div>
 </body>
</html>
