<?xml version="1.0" encoding="UTF-8"?>
<!DOCTYPE html PUBLIC "-//W3C//DTD XHTML 1.0 Transitional//EN"
    "http://www.w3.org/TR/xhtml1/DTD/xhtml1-transitional.dtd">
<html xmlns="http://www.w3.org/1999/xhtml" xml:lang="en" lang="en">
 <head>
  <title>
</title>
<meta http-equiv="Content-Type" content="text/html;charset=utf-8" />
  <meta name='ocr-system' content='tesseract 3.04.00' />
  <meta name='ocr-capabilities' content='ocr_page ocr_carea ocr_par ocr_line ocrx_word'/>
</head>
<body>
  <div class='ocr_page' id='page_1' title='image "./prosopographiaim02akaduoft_0108.png"; bbox 0 0 2190 3724; ppageno 0'>
   <div class='ocr_carea' id='block_1_1' title="bbox 287 259 2087 302">
    <p class='ocr_par' dir='ltr' id='par_1_1' title="bbox 287 259 2087 302">
     <span class='ocr_line' id='line_1_1' title="bbox 287 259 2087 302; baseline 0.001 -1"><span class='ocrx_word' id='word_1_1' title='bbox 287 266 498 301; x_wconf 82' lang='lat' dir='ltr'><strong>FVLVIVS</strong></span> <span class='ocrx_word' id='word_1_2' title='bbox 1164 259 1220 301; x_wconf 84' lang='grc'><em>96</em></span> <span class='ocrx_word' id='word_1_3' title='bbox 1876 266 2087 302; x_wconf 86' lang='lat' dir='ltr'><strong>FVLVIVS</strong></span> 
     </span>
    </p>
   </div>
   <div class='ocr_carea' id='block_1_2' title="bbox 1887 331 2082 336">
    <p class='ocr_par' dir='ltr' id='par_1_2' title="bbox 1887 331 2082 336">
     <span class='ocr_line' id='line_1_2' title="bbox 1887 331 2082 336; baseline 0 0"><span class='ocrx_word' id='word_1_4' title='bbox 1887 331 2082 336; x_wconf 95' lang='lat' dir='ltr'><em> </em></span> 
     </span>
    </p>
   </div>
   <div class='ocr_carea' id='block_1_3' title="bbox 281 395 2092 1886">
    <p class='ocr_par' dir='ltr' id='par_1_3' title="bbox 370 395 2091 793">
     <span class='ocr_line' id='line_1_3' title="bbox 370 395 2091 452; baseline 0.002 -14"><span class='ocrx_word' id='word_1_5' title='bbox 370 397 534 439; x_wconf 81' lang='lat' dir='ltr'><em>videtur</em></span> <span class='ocrx_word' id='word_1_6' title='bbox 563 397 693 451; x_wconf 81' lang='lat' dir='ltr'><em>fuisse</em></span> <span class='ocrx_word' id='word_1_7' title='bbox 723 396 955 451; x_wconf 83' lang='lat' dir='ltr'><em>proconsul</em></span> <span class='ocrx_word' id='word_1_8' title='bbox 985 396 1184 446; x_wconf 74' lang='lat' dir='ltr'><em>Siciliae,</em></span> <span class='ocrx_word' id='word_1_9' title='bbox 1216 395 1425 439; x_wconf 87' lang='lat' dir='ltr'><em>iuridicus</em></span> <span class='ocrx_word' id='word_1_10' title='bbox 1453 395 1623 448; x_wconf 88' lang='lat' dir='ltr'><em>Piceni,</em></span> <span class='ocrx_word' id='word_1_11' title='bbox 1661 397 1822 452; x_wconf 73' lang='lat' dir='ltr'><em>leyatus</em></span> <span class='ocrx_word' id='word_1_12' title='bbox 1851 398 2091 452; x_wconf 78' lang='lat' dir='ltr'><em>Hispaniae</em></span> 
     </span>
     <span class='ocr_line' id='line_1_4' title="bbox 378 464 2088 520; baseline 0.001 -13"><span class='ocrx_word' id='word_1_13' title='bbox 378 466 717 515; x_wconf 76' lang='lat' dir='ltr'><em>Tarraconensis,</em></span> <span class='ocrx_word' id='word_1_14' title='bbox 751 465 913 519; x_wconf 70' lang='lat' dir='ltr'><em>leyatus</em></span> <span class='ocrx_word' id='word_1_15' title='bbox 943 464 1001 506; x_wconf 91' lang='lat' dir='ltr'><em>ad</em></span> <span class='ocrx_word' id='word_1_16' title='bbox 1029 464 1321 519; x_wconf 73' lang='lat' dir='ltr'><em>corriyendum</em></span> <span class='ocrx_word' id='word_1_17' title='bbox 1343 468 1502 507; x_wconf 88' lang='lat' dir='ltr'><em>statum</em></span> <span class='ocrx_word' id='word_1_18' title='bbox 1526 464 1720 508; x_wconf 88' lang='lat' dir='ltr'><em>Venetiae</em></span> <span class='ocrx_word' id='word_1_19' title='bbox 1739 465 1802 508; x_wconf 82' lang='lat' dir='ltr'><em>vel</em></span> <span class='ocrx_word' id='word_1_20' title='bbox 1820 466 1956 509; x_wconf 85' lang='lat' dir='ltr'><em>simile</em></span> <span class='ocrx_word' id='word_1_21' title='bbox 1975 466 2088 520; x_wconf 75' lang='lat' dir='ltr'><em>quid,</em></span> 
     </span>
     <span class='ocr_line' id='line_1_5' title="bbox 372 531 2085 589; baseline 0.001 -15"><span class='ocrx_word' id='word_1_22' title='bbox 372 534 530 587; x_wconf 71' lang='lat' dir='ltr'><em>leqatus</em></span> <span class='ocrx_word' id='word_1_23' title='bbox 548 532 808 575; x_wconf 77' lang='lat' dir='ltr'><em>Dalmatiae.</em></span> <span class='ocrx_word' id='word_1_24' title='bbox 845 533 1177 576; x_wconf 79' lang='lat' dir='ltr'><em>Germaniarum</em></span> <span class='ocrx_word' id='word_1_25' title='bbox 1210 531 1448 575; x_wconf 77' lang='lat' dir='ltr'><em>consularis</em></span> <span class='ocrx_word' id='word_1_26' title='bbox 1475 547 1656 588; x_wconf 82' lang='lat' dir='ltr'><em>carmen,</em></span> <span class='ocrx_word' id='word_1_27' title='bbox 1686 533 1854 588; x_wconf 84' lang='lat' dir='ltr'><em>legatus</em></span> <span class='ocrx_word' id='word_1_28' title='bbox 1874 533 1988 589; x_wconf 83' lang='lat' dir='ltr'><em>Aug.</em></span> <span class='ocrx_word' id='word_1_29' title='bbox 2011 548 2085 589; x_wconf 88' lang='lat' dir='ltr'><em>pro</em></span> 
     </span>
     <span class='ocr_line' id='line_1_6' title="bbox 370 600 2090 656; baseline 0.002 -15"><span class='ocrx_word' id='word_1_30' title='bbox 370 617 432 656; x_wconf 90' lang='lat' dir='ltr'><em>pr.</em></span> <span class='ocrx_word' id='word_1_31' title='bbox 464 602 713 654; x_wconf 80' lang='lat' dir='ltr'><em>subscriptio</em></span> <span class='ocrx_word' id='word_1_32' title='bbox 751 602 951 643; x_wconf 87' lang='lat' dir='ltr'><em>carminis</em></span> <span class='ocrx_word' id='word_1_33' title='bbox 968 633 977 651; x_wconf 95' lang='lat'><strong><em>,</em></strong></span> <span class='ocrx_word' id='word_1_34' title='bbox 1020 600 1182 655; x_wconf 76' lang='lat' dir='ltr'><em>leyatus</em></span> <span class='ocrx_word' id='word_1_35' title='bbox 1215 600 1374 643; x_wconf 87' lang='lat' dir='ltr'><em>scilicet</em></span> <span class='ocrx_word' id='word_1_36' title='bbox 1401 600 1658 644; x_wconf 74' lang='lat' dir='ltr'><em>Germaniae</em></span> <span class='ocrx_word' id='word_1_37' title='bbox 1696 616 1840 656; x_wconf 79' lang='lat' dir='ltr'><em>nempe</em></span> <span class='ocrx_word' id='word_1_38' title='bbox 1870 602 2090 656; x_wconf 75' lang='lat' dir='ltr'><em>inferioris</em></span> 
     </span>
     <span class='ocr_line' id='line_1_7' title="bbox 371 668 2090 725; baseline 0.001 -14"><span class='ocrx_word' id='word_1_39' title='bbox 371 668 650 722; x_wconf 72' lang='lat' dir='ltr'><em>(Germaniae</em></span> <span class='ocrx_word' id='word_1_40' title='bbox 681 670 726 711; x_wconf 89' lang='lat' dir='ltr'><em>in</em></span> <span class='ocrx_word' id='word_1_41' title='bbox 755 670 941 711; x_wconf 77' lang='lat' dir='ltr'><em>carmine</em></span> <span class='ocrx_word' id='word_1_42' title='bbox 961 669 1125 723; x_wconf 87' lang='lat' dir='ltr'><em>poetice</em></span> <span class='ocrx_word' id='word_1_43' title='bbox 1154 668 1240 711; x_wconf 88' lang='lat' dir='ltr'><em>dici</em></span> <span class='ocrx_word' id='word_1_44' title='bbox 1263 669 1486 724; x_wconf 79' lang='lat' dir='ltr'><em>violentur).</em></span> <span class='ocrx_word' id='word_1_45' title='bbox 1538 670 1672 712; x_wconf 91' lang='lat' dir='ltr'><em>Pater</em></span> <span class='ocrx_word' id='word_1_46' title='bbox 1701 670 1890 725; x_wconf 73' lang='lat' dir='ltr'><em>filiorum</em></span> <span class='ocrx_word' id='word_1_47' title='bbox 1910 670 2090 713; x_wconf 91' lang='lat' dir='ltr'><em>duorum</em></span> 
     </span>
     <span class='ocr_line' id='line_1_8' title="bbox 372 736 1580 793; baseline 0.002 -15"><span class='ocrx_word' id='word_1_48' title='bbox 372 736 545 792; x_wconf 85' lang='lat' dir='ltr'><em>(parens</em></span> <span class='ocrx_word' id='word_1_49' title='bbox 576 737 749 779; x_wconf 86' lang='lat' dir='ltr'><em>adultae</em></span> <span class='ocrx_word' id='word_1_50' title='bbox 776 737 909 793; x_wconf 86' lang='lat' dir='ltr'><em>prolis</em></span> <span class='ocrx_word' id='word_1_51' title='bbox 939 737 1136 791; x_wconf 84' lang='lat' dir='ltr'><em>geminae</em></span> <span class='ocrx_word' id='word_1_52' title='bbox 1165 736 1351 779; x_wconf 89' lang='lat' dir='ltr'><em>liberum</em></span> <span class='ocrx_word' id='word_1_53' title='bbox 1382 738 1580 792; x_wconf 89' lang='lat' dir='ltr'><em>carmen).</em></span> 
     </span>
    </p>

    <p class='ocr_par' dir='ltr' id='par_1_4' title="bbox 284 804 2091 1408">
     <span class='ocr_line' id='line_1_9' title="bbox 284 804 2091 860; baseline 0.002 -14"><span class='ocrx_word' id='word_1_54' title='bbox 284 805 367 847; x_wconf 85' lang='lat'><em>376</em></span> <span class='ocrx_word' id='word_1_55' title='bbox 401 812 440 846; x_wconf 82' lang='lat' dir='ltr'><em>e.</em></span> <span class='ocrx_word' id='word_1_56' title='bbox 481 811 692 847; x_wconf 84' lang='lat' dir='ltr'>FVLVIVS</span> <span class='ocrx_word' id='word_1_57' title='bbox 733 805 1001 860; x_wconf 85' lang='lat' dir='ltr'><strong>MAX(1MVS)</strong></span> <span class='ocrx_word' id='word_1_58' title='bbox 1042 804 1193 847; x_wconf 80' lang='lat' dir='ltr'><em>consul</em></span> <span class='ocrx_word' id='word_1_59' title='bbox 1230 820 1329 847; x_wconf 82' lang='lat' dir='ltr'><em>cum</em></span> <span class='ocrx_word' id='word_1_60' title='bbox 1368 806 1610 860; x_wconf 88' lang='lat' dir='ltr'><em>Num(m)io</em></span> <span class='ocrx_word' id='word_1_61' title='bbox 1634 805 1811 848; x_wconf 73' lang='lat' dir='ltr'><em>vAlbino</em></span> <span class='ocrx_word' id='word_1_62' title='bbox 1851 807 1958 849; x_wconf 92' lang='lat' dir='ltr'><em>XII</em></span> <span class='ocrx_word' id='word_1_63' title='bbox 1979 810 2091 850; x_wconf 78' lang='lat'><em>4324</em></span> 
     </span>
     <span class='ocr_line' id='line_1_10' title="bbox 371 872 2090 929; baseline 0.002 -16"><span class='ocrx_word' id='word_1_64' title='bbox 371 872 469 915; x_wconf 81' lang='lat' dir='ltr'><em>add.</em></span> <span class='ocrx_word' id='word_1_65' title='bbox 501 874 566 927; x_wconf 86' lang='lat' dir='ltr'><em>(p.</em></span> <span class='ocrx_word' id='word_1_66' title='bbox 588 873 698 928; x_wconf 84' lang='grc'><em>845).</em></span> <span class='ocrx_word' id='word_1_67' title='bbox 751 874 856 916; x_wconf 86' lang='lat' dir='ltr'><em>Noli</em></span> <span class='ocrx_word' id='word_1_68' title='bbox 886 874 1070 928; x_wconf 72' lang='lat' dir='ltr'><em>coyitare</em></span> <span class='ocrx_word' id='word_1_69' title='bbox 1100 873 1149 916; x_wconf 88' lang='lat' dir='ltr'><em>de</em></span> <span class='ocrx_word' id='word_1_70' title='bbox 1179 874 1399 916; x_wconf 73' lang='lat' dir='ltr'><em>consulatu</em></span> <span class='ocrx_word' id='word_1_71' title='bbox 1430 874 1648 917; x_wconf 87' lang='lat' dir='ltr'><em>ordinario</em></span> <span class='ocrx_word' id='word_1_72' title='bbox 1680 890 1719 917; x_wconf 93' lang='lat' dir='ltr'><em>a.</em></span> <span class='ocrx_word' id='word_1_73' title='bbox 1740 879 1837 926; x_wconf 88' lang='grc'><strong><em>263,</em></strong></span> <span class='ocrx_word' id='word_1_74' title='bbox 1868 890 1947 929; x_wconf 75' lang='lat' dir='ltr'><em>quo</em></span> <span class='ocrx_word' id='word_1_75' title='bbox 1978 889 2090 917; x_wconf 91' lang='lat' dir='ltr'><em>anno</em></span> 
     </span>
     <span class='ocr_line' id='line_1_11' title="bbox 370 941 2089 998; baseline 0.001 -15"><span class='ocrx_word' id='word_1_76' title='bbox 370 942 554 983; x_wconf 85' lang='lat' dir='ltr'><em>consules</em></span> <span class='ocrx_word' id='word_1_77' title='bbox 573 943 746 995; x_wconf 82' lang='lat' dir='ltr'><em>fuerunt</em></span> <span class='ocrx_word' id='word_1_78' title='bbox 769 941 952 984; x_wconf 77' lang='lat' dir='ltr'><em>Albinus</em></span> <span class='ocrx_word' id='word_1_79' title='bbox 973 945 1012 984; x_wconf 93' lang='lat' dir='ltr'><em>et</em></span> <span class='ocrx_word' id='word_1_80' title='bbox 1030 941 1192 984; x_wconf 75' lang='lat' dir='ltr'><em>Dexter</em></span> <span class='ocrx_word' id='word_1_81' title='bbox 1212 942 1341 997; x_wconf 67' lang='lat' dir='ltr'><em>(solus</em></span> <span class='ocrx_word' id='word_1_82' title='bbox 1361 942 1548 997; x_wconf 84' lang='lat' dir='ltr'><em>Prosper</em></span> <span class='ocrx_word' id='word_1_83' title='bbox 1567 957 1709 986; x_wconf 87' lang='lat' dir='ltr'><em>errore</em></span> <span class='ocrx_word' id='word_1_84' title='bbox 1719 944 1866 998; x_wconf 85' lang='lat' dir='ltr'><em>posuit</em></span> <span class='ocrx_word' id='word_1_85' title='bbox 1885 942 2089 986; x_wconf 82' lang='lat' dir='ltr'><em>Albinum</em></span> 
     </span>
     <span class='ocr_line' id='line_1_12' title="bbox 370 1005 2090 1065; baseline 0.002 -14"><span class='ocrx_word' id='word_1_86' title='bbox 370 1012 408 1050; x_wconf 86' lang='lat' dir='ltr'><em>et</em></span> <span class='ocrx_word' id='word_1_87' title='bbox 439 1010 711 1064; x_wconf 69' lang='lat' dir='ltr'><em>Maximum),</em></span> <span class='ocrx_word' id='word_1_88' title='bbox 737 1013 876 1064; x_wconf 86' lang='lat' dir='ltr'><em>potest</em></span> <span class='ocrx_word' id='word_1_89' title='bbox 906 1005 1088 1065; x_wconf 71' lang='lat' dir='ltr'><em>coyitari</em></span> <span class='ocrx_word' id='word_1_90' title='bbox 1116 1010 1165 1053; x_wconf 90' lang='lat' dir='ltr'><em>de</em></span> <span class='ocrx_word' id='word_1_91' title='bbox 1197 1010 1418 1053; x_wconf 83' lang='lat' dir='ltr'><em>consulatu</em></span> <span class='ocrx_word' id='word_1_92' title='bbox 1448 1011 1668 1053; x_wconf 88' lang='lat' dir='ltr'><em>ordinario</em></span> <span class='ocrx_word' id='word_1_93' title='bbox 1700 1012 1804 1053; x_wconf 90' lang='lat' dir='ltr'><em>anni</em></span> <span class='ocrx_word' id='word_1_94' title='bbox 1831 1015 1933 1062; x_wconf 89' lang='grc'><strong><em>227,</em></strong></span> <span class='ocrx_word' id='word_1_95' title='bbox 1969 1011 2090 1054; x_wconf 86' lang='lat' dir='ltr'><em>modo</em></span> 
     </span>
     <span class='ocr_line' id='line_1_13' title="bbox 368 1078 2091 1134; baseline 0.002 -15"><span class='ocrx_word' id='word_1_96' title='bbox 368 1081 604 1120; x_wconf 87' lang='lat' dir='ltr'><em>statuamus</em></span> <span class='ocrx_word' id='word_1_97' title='bbox 644 1079 710 1120; x_wconf 87' lang='lat' dir='ltr'><em>M.</em></span> <span class='ocrx_word' id='word_1_98' title='bbox 753 1078 903 1121; x_wconf 89' lang='lat' dir='ltr'><em>Laelio</em></span> <span class='ocrx_word' id='word_1_99' title='bbox 945 1078 1144 1121; x_wconf 73' lang='lat' dir='ltr'><em>Maximo</em></span> <span class='ocrx_word' id='word_1_100' title='bbox 1185 1079 1251 1121; x_wconf 84' lang='lat' dir='ltr'><em>M.</em></span> <span class='ocrx_word' id='word_1_101' title='bbox 1294 1079 1489 1121; x_wconf 87' lang='lat' dir='ltr'><em>Nummii</em></span> <span class='ocrx_word' id='word_1_102' title='bbox 1525 1079 1681 1122; x_wconf 83' lang='lat' dir='ltr'><em>Albini</em></span> <span class='ocrx_word' id='word_1_103' title='bbox 1717 1079 1918 1134; x_wconf 72' lang='lat' dir='ltr'><em>colleqac,</em></span> <span class='ocrx_word' id='word_1_104' title='bbox 1963 1080 2091 1122; x_wconf 86' lang='lat' dir='ltr'><em>etiam</em></span> 
     </span>
     <span class='ocr_line' id='line_1_14' title="bbox 368 1146 2090 1202; baseline 0.001 -14"><span class='ocrx_word' id='word_1_105' title='bbox 368 1146 518 1188; x_wconf 83' lang='lat' dir='ltr'><em>Fulvii</em></span> <span class='ocrx_word' id='word_1_106' title='bbox 545 1161 695 1190; x_wconf 86' lang='lat' dir='ltr'><em>nomen</em></span> <span class='ocrx_word' id='word_1_107' title='bbox 724 1148 878 1201; x_wconf 79' lang='lat' dir='ltr'><em>suissc,·</em></span> <span class='ocrx_word' id='word_1_108' title='bbox 909 1147 959 1190; x_wconf 81' lang='lat' dir='ltr'><em>G.</em></span> <span class='ocrx_word' id='word_1_109' title='bbox 982 1161 1244 1202; x_wconf 77' lang='lat' dir='ltr'><em>praenomen</em></span> <span class='ocrx_word' id='word_1_110' title='bbox 1273 1147 1384 1201; x_wconf 78' lang='lat' dir='ltr'><em>quod</em></span> <span class='ocrx_word' id='word_1_111' title='bbox 1412 1148 1572 1202; x_wconf 72' lang='lat' dir='ltr'><em>excepit</em></span> <span class='ocrx_word' id='word_1_112' title='bbox 1600 1147 1867 1201; x_wconf 78' lang='lat' dir='ltr'><em>Hirschfeld,</em></span> <span class='ocrx_word' id='word_1_113' title='bbox 1909 1149 2090 1201; x_wconf 80' lang='lat' dir='ltr'><em>fortasse</em></span> 
     </span>
     <span class='ocr_line' id='line_1_15' title="bbox 369 1215 2091 1270; baseline 0.001 -14"><span class='ocrx_word' id='word_1_114' title='bbox 369 1229 461 1256; x_wconf 88' lang='lat' dir='ltr'><em>cum</em></span> <span class='ocrx_word' id='word_1_115' title='bbox 501 1215 600 1257; x_wconf 90' lang='lat' dir='ltr'><em>aliis</em></span> <span class='ocrx_word' id='word_1_116' title='bbox 641 1215 898 1270; x_wconf 73' lang='lat' dir='ltr'><em>apoyraphis</em></span> <span class='ocrx_word' id='word_1_117' title='bbox 937 1215 1173 1258; x_wconf 84' lang='lat' dir='ltr'><em>habendum</em></span> <span class='ocrx_word' id='word_1_118' title='bbox 1213 1219 1275 1258; x_wconf 90' lang='lat' dir='ltr'><em>est</em></span> <span class='ocrx_word' id='word_1_119' title='bbox 1300 1230 1387 1270; x_wconf 91' lang='lat' dir='ltr'><em>pro</em></span> <span class='ocrx_word' id='word_1_120' title='bbox 1426 1227 1454 1257; x_wconf 92' lang='grc' dir='ltr'>Ο</span> <span class='ocrx_word' id='word_1_121' title='bbox 1493 1219 1533 1258; x_wconf 88' lang='lat' dir='ltr'><em>et</em></span> <span class='ocrx_word' id='word_1_122' title='bbox 1571 1215 1819 1259; x_wconf 85' lang='lat' dir='ltr'><em>trahendum</em></span> <span class='ocrx_word' id='word_1_123' title='bbox 1853 1215 1912 1258; x_wconf 91' lang='lat' dir='ltr'><em>ad</em></span> <span class='ocrx_word' id='word_1_124' title='bbox 1942 1230 2091 1258; x_wconf 88' lang='lat' dir='ltr'><em>nomen</em></span> 
     </span>
     <span class='ocr_line' id='line_1_16' title="bbox 367 1281 2090 1340; baseline 0 -15"><span class='ocrx_word' id='word_1_125' title='bbox 367 1283 478 1336; x_wconf 76' lang='lat' dir='ltr'><em>quod</em></span> <span class='ocrx_word' id='word_1_126' title='bbox 497 1284 719 1338; x_wconf 86' lang='lat' dir='ltr'><em>praecedit</em></span> <span class='ocrx_word' id='word_1_127' title='bbox 749 1284 926 1327; x_wconf 87' lang='lat' dir='ltr'><em>alterius</em></span> <span class='ocrx_word' id='word_1_128' title='bbox 955 1284 1148 1327; x_wconf 86' lang='lat' dir='ltr'><em>consulis.</em></span> <span class='ocrx_word' id='word_1_129' title='bbox 1211 1284 1327 1326; x_wconf 89' lang='lat' dir='ltr'><em>Num</em></span> <span class='ocrx_word' id='word_1_130' title='bbox 1366 1284 1476 1326; x_wconf 87' lang='lat' dir='ltr'><em>idem</em></span> <span class='ocrx_word' id='word_1_131' title='bbox 1513 1285 1570 1327; x_wconf 86' lang='lat' dir='ltr'><em>sit</em></span> <span class='ocrx_word' id='word_1_132' title='bbox 1607 1285 1682 1340; x_wconf 79' lang='lat' dir='ltr'><em>qui</em></span> <span class='ocrx_word' id='word_1_133' title='bbox 1705 1284 1939 1339; x_wconf 87' lang='lat' dir='ltr'><em>praecedit,</em></span> <span class='ocrx_word' id='word_1_134' title='bbox 1971 1281 2090 1340; x_wconf 79' lang='lat' dir='ltr'>[O.?]</span> 
     </span>
     <span class='ocr_line' id='line_1_17' title="bbox 369 1343 1765 1408; baseline 0.001 -15"><span class='ocrx_word' id='word_1_135' title='bbox 369 1351 550 1394; x_wconf 87' lang='lat' dir='ltr'><em>Fulvius</em></span> <span class='ocrx_word' id='word_1_136' title='bbox 579 1353 800 1395; x_wconf 82' lang='lat' dir='ltr'><em>Maximus</em></span> <span class='ocrx_word' id='word_1_137' title='bbox 828 1352 979 1395; x_wconf 86' lang='lat' dir='ltr'><em>consul</em></span> <span class='ocrx_word' id='word_1_138' title='bbox 1009 1367 1144 1395; x_wconf 87' lang='lat' dir='ltr'><em>verno</em></span> <span class='ocrx_word' id='word_1_139' title='bbox 1175 1353 1257 1408; x_wconf 84' lang='lat' dir='ltr'><em>die,</em></span> <span class='ocrx_word' id='word_1_140' title='bbox 1289 1354 1506 1395; x_wconf 85' lang='lat' dir='ltr'><em>incertum.</em></span> <span class='ocrx_word' id='word_1_141' title='bbox 1761 1343 1765 1347; x_wconf 42' lang='lat'>⁵</span> 
     </span>
    </p>

    <p class='ocr_par' dir='ltr' id='par_1_5' title="bbox 296 1427 1486 1465">
     <span class='ocr_line' id='line_1_18' title="bbox 296 1427 1486 1465; baseline 0.003 -4"><span class='ocrx_word' id='word_1_142' title='bbox 296 1445 352 1449; x_wconf 93' lang='grc'><em>--</em></span> <span class='ocrx_word' id='word_1_143' title='bbox 394 1427 446 1462; x_wconf 90' lang='grc' dir='ltr'><em>Μ.</em></span> <span class='ocrx_word' id='word_1_144' title='bbox 479 1427 693 1464; x_wconf 86' lang='lat' dir='ltr'>LAELIVS</span> <span class='ocrx_word' id='word_1_145' title='bbox 724 1428 967 1464; x_wconf 90' lang='lat' dir='ltr'><em>FIRMINVS</em></span> <span class='ocrx_word' id='word_1_146' title='bbox 998 1428 1210 1464; x_wconf 89' lang='lat' dir='ltr'><strong>FVLVIVS</strong></span> <span class='ocrx_word' id='word_1_147' title='bbox 1241 1428 1486 1465; x_wconf 88' lang='lat' dir='ltr'><strong>MAXIMVS.</strong></span> 
     </span>
    </p>

    <p class='ocr_par' dir='ltr' id='par_1_6' title="bbox 295 1496 1210 1532">
     <span class='ocr_line' id='line_1_19' title="bbox 295 1496 1210 1532; baseline 0.002 -2"><span class='ocrx_word' id='word_1_148' title='bbox 295 1513 353 1518; x_wconf 96' lang='lat'>—</span> <span class='ocrx_word' id='word_1_149' title='bbox 396 1496 449 1531; x_wconf 85' lang='lat' dir='ltr'><em>M.</em></span> <span class='ocrx_word' id='word_1_150' title='bbox 477 1496 691 1532; x_wconf 87' lang='lat' dir='ltr'><strong>LAELIVS</strong></span> <span class='ocrx_word' id='word_1_151' title='bbox 721 1497 932 1532; x_wconf 85' lang='lat' dir='ltr'><strong>FVLVIVS</strong></span> <span class='ocrx_word' id='word_1_152' title='bbox 963 1496 1210 1532; x_wconf 89' lang='lat' dir='ltr'><strong>MAXIMVS.</strong></span> 
     </span>
    </p>

    <p class='ocr_par' dir='ltr' id='par_1_7' title="bbox 281 1556 2092 1818">
     <span class='ocr_line' id='line_1_20' title="bbox 281 1556 2090 1613; baseline 0.002 -15"><span class='ocrx_word' id='word_1_153' title='bbox 281 1556 364 1599; x_wconf 84' lang='lat'><em>377</em></span> <span class='ocrx_word' id='word_1_154' title='bbox 395 1563 606 1600; x_wconf 86' lang='lat' dir='ltr'><strong>FVLVIVS</strong></span> <span class='ocrx_word' id='word_1_155' title='bbox 646 1565 754 1600; x_wconf 86' lang='lat' dir='ltr'><em>PIVS</em></span> <span class='ocrx_word' id='word_1_156' title='bbox 795 1559 874 1613; x_wconf 89' lang='lat' dir='ltr'><em>(sic</em></span> <span class='ocrx_word' id='word_1_157' title='bbox 913 1558 981 1601; x_wconf 94' lang='lat' dir='ltr'><em>VI</em></span> <span class='ocrx_word' id='word_1_158' title='bbox 1003 1561 1106 1609; x_wconf 90' lang='grc'><strong><em>816,</em></strong></span> <span class='ocrx_word' id='word_1_159' title='bbox 1147 1559 1246 1601; x_wconf 86' lang='lat' dir='ltr'><em>item</em></span> <span class='ocrx_word' id='word_1_160' title='bbox 1276 1558 1413 1601; x_wconf 87' lang='lat' dir='ltr'><em>athen.</em></span> <span class='ocrx_word' id='word_1_161' title='bbox 1447 1558 1595 1600; x_wconf 86' lang='lat' dir='ltr'><em>Mitth.</em></span> <span class='ocrx_word' id='word_1_162' title='bbox 1626 1562 1734 1602; x_wconf 87' lang='grc'><em>1891</em></span> <span class='ocrx_word' id='word_1_163' title='bbox 1756 1573 1804 1613; x_wconf 94' lang='lat' dir='ltr'><em>p.</em></span> <span class='ocrx_word' id='word_1_164' title='bbox 1830 1562 1929 1609; x_wconf 90' lang='grc'><strong><em>270,</em></strong></span> <span class='ocrx_word' id='word_1_165' title='bbox 1969 1559 2090 1613; x_wconf 74' lang='lat' dir='ltr'><em>vulyo</em></span> 
     </span>
     <span class='ocr_line' id='line_1_21' title="bbox 369 1625 2031 1681; baseline 0.001 -15"><span class='ocrx_word' id='word_1_166' title='bbox 369 1625 490 1679; x_wconf 88' lang='lat' dir='ltr'><em>Pius)</em></span> <span class='ocrx_word' id='word_1_167' title='bbox 521 1626 669 1668; x_wconf 83' lang='lat' dir='ltr'><em>consul</em></span> <span class='ocrx_word' id='word_1_168' title='bbox 699 1626 940 1669; x_wconf 83' lang='lat' dir='ltr'><em>ordinarius</em></span> <span class='ocrx_word' id='word_1_169' title='bbox 971 1641 1007 1671; x_wconf 86' lang='lat' dir='ltr'><em>a.</em></span> <span class='ocrx_word' id='word_1_170' title='bbox 1032 1626 1114 1669; x_wconf 83' lang='lat'><em>238</em></span> <span class='ocrx_word' id='word_1_171' title='bbox 1145 1641 1243 1669; x_wconf 89' lang='lat' dir='ltr'><em>cum</em></span> <span class='ocrx_word' id='word_1_172' title='bbox 1270 1628 1425 1669; x_wconf 86' lang='lat' dir='ltr'><em>Pontio</em></span> <span class='ocrx_word' id='word_1_173' title='bbox 1457 1626 1641 1669; x_wconf 84' lang='lat' dir='ltr'><em>Proculo</em></span> <span class='ocrx_word' id='word_1_174' title='bbox 1672 1626 1882 1670; x_wconf 84' lang='lat' dir='ltr'><em>Pontiano</em></span> <span class='ocrx_word' id='word_1_175' title='bbox 1912 1628 2031 1681; x_wconf 78' lang='lat' dir='ltr'><em>fasti.</em></span> 
     </span>
     <span class='ocr_line' id='line_1_22' title="bbox 283 1693 2088 1751; baseline 0.002 -16"><span class='ocrx_word' id='word_1_176' title='bbox 283 1693 365 1735; x_wconf 86' lang='lat'><em>378</em></span> <span class='ocrx_word' id='word_1_177' title='bbox 397 1693 578 1736; x_wconf 88' lang='lat' dir='ltr'><em>Fulvius</em></span> <span class='ocrx_word' id='word_1_178' title='bbox 608 1694 725 1749; x_wconf 82' lang='lat' dir='ltr'><em>Pius,</em></span> <span class='ocrx_word' id='word_1_179' title='bbox 757 1709 864 1736; x_wconf 88' lang='lat' dir='ltr'><em>avus</em></span> <span class='ocrx_word' id='word_1_180' title='bbox 894 1700 1100 1750; x_wconf 85' lang='lat' dir='ltr'><em>paternus</em></span> <span class='ocrx_word' id='word_1_181' title='bbox 1127 1694 1364 1748; x_wconf 84' lang='lat' dir='ltr'><em>(maternus</em></span> <span class='ocrx_word' id='word_1_182' title='bbox 1374 1694 1415 1749; x_wconf 85' lang='lat'><em>‘?)</em></span> <span class='ocrx_word' id='word_1_183' title='bbox 1442 1694 1640 1751; x_wconf 86' lang='lat' dir='ltr'><em>Septimii</em></span> <span class='ocrx_word' id='word_1_184' title='bbox 1662 1695 1815 1738; x_wconf 86' lang='lat' dir='ltr'><em>Severi</em></span> <span class='ocrx_word' id='word_1_185' title='bbox 1834 1696 1906 1737; x_wconf 85' lang='lat' dir='ltr'><em>vit.</em></span> <span class='ocrx_word' id='word_1_186' title='bbox 1933 1694 2028 1738; x_wconf 83' lang='lat' dir='ltr'><em>Sev.</em></span> <span class='ocrx_word' id='word_1_187' title='bbox 2049 1698 2088 1739; x_wconf 91' lang='lat'><em>1.</em></span> 
     </span>
     <span class='ocr_line' id='line_1_23' title="bbox 283 1761 2092 1818; baseline 0.001 -15"><span class='ocrx_word' id='word_1_188' title='bbox 283 1761 366 1804; x_wconf 88' lang='grc'><em>379</em></span> <span class='ocrx_word' id='word_1_189' title='bbox 398 1768 439 1805; x_wconf 88' lang='lat' dir='ltr'><em>C.</em></span> <span class='ocrx_word' id='word_1_190' title='bbox 479 1769 690 1805; x_wconf 86' lang='lat' dir='ltr'>FVLVIVS</span> <span class='ocrx_word' id='word_1_191' title='bbox 731 1769 1058 1807; x_wconf 87' lang='lat' dir='ltr'><em>PLAVTIANVS.</em></span> <span class='ocrx_word' id='word_1_192' title='bbox 1124 1763 1258 1806; x_wconf 85' lang='lat' dir='ltr'><em>Tituli</em></span> <span class='ocrx_word' id='word_1_193' title='bbox 1287 1764 1327 1806; x_wconf 87' lang='lat' dir='ltr'><em>ei</em></span> <span class='ocrx_word' id='word_1_194' title='bbox 1347 1764 1502 1818; x_wconf 87' lang='lat' dir='ltr'><em>positi:</em></span> <span class='ocrx_word' id='word_1_195' title='bbox 1532 1764 1741 1806; x_wconf 70' lang='lat' dir='ltr'><em>Imnensis</em></span> <span class='ocrx_word' id='word_1_196' title='bbox 1769 1763 1850 1806; x_wconf 93' lang='lat' dir='ltr'><em>XI</em></span> <span class='ocrx_word' id='word_1_197' title='bbox 1870 1766 1982 1806; x_wconf 84' lang='lat'><strong><em>1337</em></strong></span> <span class='ocrx_word' id='word_1_198' title='bbox 2008 1762 2092 1818; x_wconf 88' lang='lat'><strong><em>(1),-</em></strong></span> 
     </span>
    </p>

    <p class='ocr_par' dir='ltr' id='par_1_8' title="bbox 369 1831 2090 1886">
     <span class='ocr_line' id='line_1_24' title="bbox 369 1831 2090 1886; baseline 0.001 -14"><span class='ocrx_word' id='word_1_199' title='bbox 369 1831 606 1874; x_wconf 78' lang='lat' dir='ltr'><em>Patacinus</em></span> <span class='ocrx_word' id='word_1_200' title='bbox 649 1831 690 1874; x_wconf 91' lang='lat' dir='ltr'><strong><em>V</em></strong></span> <span class='ocrx_word' id='word_1_201' title='bbox 717 1834 834 1875; x_wconf 90' lang='grc'><strong><em>2821</em></strong></span> <span class='ocrx_word' id='word_1_202' title='bbox 875 1831 961 1886; x_wconf 90' lang='grc'><em>(2);</em></span> <span class='ocrx_word' id='word_1_203' title='bbox 1005 1831 1320 1886; x_wconf 74' lang='lat' dir='ltr'><em>Luydunensis,</em></span> <span class='ocrx_word' id='word_1_204' title='bbox 1361 1831 1526 1874; x_wconf 87' lang='lat' dir='ltr'><em>Allmcr</em></span> <span class='ocrx_word' id='word_1_205' title='bbox 1563 1835 1603 1875; x_wconf 87' lang='lat' dir='ltr'><em>et</em></span> <span class='ocrx_word' id='word_1_206' title='bbox 1639 1832 1829 1875; x_wconf 88' lang='lat' dir='ltr'><em>Dissard</em></span> <span class='ocrx_word' id='word_1_207' title='bbox 1865 1833 2003 1874; x_wconf 89' lang='lat' dir='ltr'><em>muse&#39;e</em></span> <span class='ocrx_word' id='word_1_208' title='bbox 2040 1831 2090 1874; x_wconf 86' lang='lat' dir='ltr'><em>de</em></span> 
     </span>
    </p>
   </div>
   <div class='ocr_carea' id='block_1_4' title="bbox 367 1899 2183 1955">
    <p class='ocr_par' dir='ltr' id='par_1_9' title="bbox 367 1899 2183 1955">
     <span class='ocr_line' id='line_1_25' title="bbox 367 1899 2183 1955; baseline 0.001 -14"><span class='ocrx_word' id='word_1_209' title='bbox 367 1900 488 1954; x_wconf 73' lang='lat' dir='ltr'><em>Lyon</em></span> <span class='ocrx_word' id='word_1_210' title='bbox 517 1900 551 1942; x_wconf 92' lang='lat' dir='ltr'><strong><em>I</em></strong></span> <span class='ocrx_word' id='word_1_211' title='bbox 565 1915 612 1954; x_wconf 88' lang='lat' dir='ltr'><em>p.</em></span> <span class='ocrx_word' id='word_1_212' title='bbox 635 1903 719 1943; x_wconf 93' lang='grc'><em>112</em></span> <span class='ocrx_word' id='word_1_213' title='bbox 749 1899 831 1955; x_wconf 69' lang='grc' dir='ltr'><em>(ὃ),·</em></span> <span class='ocrx_word' id='word_1_214' title='bbox 869 1899 1139 1942; x_wconf 73' lang='lat' dir='ltr'><em>Atheniensis</em></span> <span class='ocrx_word' id='word_1_215' title='bbox 1167 1899 1321 1943; x_wconf 85' lang='lat' dir='ltr'><em>CIAtt.</em></span> <span class='ocrx_word' id='word_1_216' title='bbox 1350 1904 1394 1951; x_wconf 84' lang='lat'><em>3,</em></span> <span class='ocrx_word' id='word_1_217' title='bbox 1426 1904 1506 1942; x_wconf 84' lang='lat'><em>633</em></span> <span class='ocrx_word' id='word_1_218' title='bbox 1535 1900 1608 1955; x_wconf 91' lang='grc'><em>(4).</em></span> <span class='ocrx_word' id='word_1_219' title='bbox 1682 1900 1861 1955; x_wconf 74' lang='lat' dir='ltr'><em>Teyulae</em></span> <span class='ocrx_word' id='word_1_220' title='bbox 1898 1900 2090 1944; x_wconf 83' lang='lat' dir='ltr'><em>urbanae</em></span> <span class='ocrx_word' id='word_1_221' title='bbox 2177 1905 2183 1910; x_wconf 91' lang='lat'>&#39;</span> 
     </span>
    </p>
   </div>
   <div class='ocr_carea' id='block_1_5' title="bbox 368 1966 2089 2025">
    <p class='ocr_par' dir='ltr' id='par_1_10' title="bbox 368 1966 2089 2025">
     <span class='ocr_line' id='line_1_26' title="bbox 368 1966 2089 2025; baseline 0 -15"><span class='ocrx_word' id='word_1_222' title='bbox 368 1968 457 2010; x_wconf 88' lang='lat' dir='ltr'><em>cius</em></span> <span class='ocrx_word' id='word_1_223' title='bbox 485 1969 651 2010; x_wconf 88' lang='lat' dir='ltr'><em>nominc</em></span> <span class='ocrx_word' id='word_1_224' title='bbox 679 1969 907 2022; x_wconf 74' lang='lat' dir='ltr'><em>inscriptae</em></span> <span class='ocrx_word' id='word_1_225' title='bbox 927 1968 975 2010; x_wconf 92' lang='grc' dir='ltr'><strong><em>Χ</em></strong></span> <span class='ocrx_word' id='word_1_226' title='bbox 985 1968 1091 2010; x_wconf 82' lang='lat' dir='ltr'><em>V47</em></span> <span class='ocrx_word' id='word_1_227' title='bbox 1118 1967 1310 2023; x_wconf 87' lang='grc'><em>(5).160</em></span> <span class='ocrx_word' id='word_1_228' title='bbox 1340 1967 1535 2024; x_wconf 88' lang='grc'><em>(6).184</em></span> <span class='ocrx_word' id='word_1_229' title='bbox 1564 1968 1640 2024; x_wconf 97' lang='grc'><em>(7)</em></span> <span class='ocrx_word' id='word_1_230' title='bbox 1680 1971 1761 2011; x_wconf 88' lang='grc'><em>185</em></span> <span class='ocrx_word' id='word_1_231' title='bbox 1790 1969 1863 2025; x_wconf 87' lang='grc'><em>(8).</em></span> <span class='ocrx_word' id='word_1_232' title='bbox 1905 1970 1990 2011; x_wconf 86' lang='grc'><em>197</em></span> <span class='ocrx_word' id='word_1_233' title='bbox 2016 1966 2089 2022; x_wconf 86' lang='grc'><strong><em>(9).</em></strong></span> 
     </span>
    </p>
   </div>
   <div class='ocr_carea' id='block_1_6' title="bbox 368 2019 2183 2091">
    <p class='ocr_par' dir='ltr' id='par_1_11' title="bbox 368 2019 2183 2091">
     <span class='ocr_line' id='line_1_27' title="bbox 368 2019 2183 2091; baseline -0.001 -12"><span class='ocrx_word' id='word_1_234' title='bbox 368 2039 453 2079; x_wconf 84' lang='grc'><em>206</em></span> <span class='ocrx_word' id='word_1_235' title='bbox 473 2036 573 2091; x_wconf 91' lang='grc'><strong><em>(10).</em></strong></span> <span class='ocrx_word' id='word_1_236' title='bbox 604 2040 688 2080; x_wconf 88' lang='grc'><em>240</em></span> <span class='ocrx_word' id='word_1_237' title='bbox 710 2036 809 2091; x_wconf 93' lang='grc'><strong><em>(11).</em></strong></span> <span class='ocrx_word' id='word_1_238' title='bbox 840 2039 924 2079; x_wconf 88' lang='grc'><em>241</em></span> <span class='ocrx_word' id='word_1_239' title='bbox 945 2035 1049 2091; x_wconf 90' lang='grc'><strong><em>(12).</em></strong></span> <span class='ocrx_word' id='word_1_240' title='bbox 1079 2040 1161 2078; x_wconf 82' lang='grc'><em>406</em></span> <span class='ocrx_word' id='word_1_241' title='bbox 1186 2036 1284 2091; x_wconf 83' lang='grc'><strong><em>(13).</em></strong></span> <span class='ocrx_word' id='word_1_242' title='bbox 1345 2036 1579 2079; x_wconf 87' lang='lat' dir='ltr'><em>Praeterea</em></span> <span class='ocrx_word' id='word_1_243' title='bbox 1607 2040 1865 2079; x_wconf 85' lang='lat' dir='ltr'><em>memoratur</em></span> <span class='ocrx_word' id='word_1_244' title='bbox 1894 2037 1938 2078; x_wconf 89' lang='lat' dir='ltr'><em>in</em></span> <span class='ocrx_word' id='word_1_245' title='bbox 1969 2035 2091 2078; x_wconf 87' lang='lat' dir='ltr'><em>titulo</em></span> <span class='ocrx_word' id='word_1_246' title='bbox 2175 2019 2183 2030; x_wconf 31' lang='grc' dir='ltr'><strong><em>Λ</em></strong></span> 
     </span>
    </p>
   </div>
   <div class='ocr_carea' id='block_1_7' title="bbox 367 2102 2132 3390">
    <p class='ocr_par' dir='ltr' id='par_1_12' title="bbox 367 2102 2090 2571">
     <span class='ocr_line' id='line_1_28' title="bbox 367 2102 2087 2160; baseline 0.001 -14"><span class='ocrx_word' id='word_1_247' title='bbox 367 2104 484 2159; x_wconf 73' lang='lat' dir='ltr'><em>filiae</em></span> <span class='ocrx_word' id='word_1_248' title='bbox 515 2104 583 2147; x_wconf 87' lang='lat' dir='ltr'><em>VI</em></span> <span class='ocrx_word' id='word_1_249' title='bbox 605 2108 712 2146; x_wconf 89' lang='grc'><strong><em>1074</em></strong></span> <span class='ocrx_word' id='word_1_250' title='bbox 743 2104 842 2159; x_wconf 88' lang='grc'><em>(14),</em></span> <span class='ocrx_word' id='word_1_251' title='bbox 883 2105 929 2146; x_wconf 87' lang='lat' dir='ltr'><em>in</em></span> <span class='ocrx_word' id='word_1_252' title='bbox 969 2104 1090 2146; x_wconf 85' lang='lat' dir='ltr'><em>titulo</em></span> <span class='ocrx_word' id='word_1_253' title='bbox 1129 2104 1312 2147; x_wconf 89' lang='lat' dir='ltr'><em>hominis</em></span> <span class='ocrx_word' id='word_1_254' title='bbox 1333 2105 1501 2159; x_wconf 82' lang='lat' dir='ltr'><em>privati</em></span> <span class='ocrx_word' id='word_1_255' title='bbox 1527 2105 1713 2160; x_wconf 88' lang='lat' dir='ltr'><em>Ephesio</em></span> <span class='ocrx_word' id='word_1_256' title='bbox 1742 2105 1831 2148; x_wconf 94' lang='lat' dir='ltr'><em>III</em></span> <span class='ocrx_word' id='word_1_257' title='bbox 1851 2107 1959 2147; x_wconf 87' lang='grc'><strong><em>6075</em></strong></span> <span class='ocrx_word' id='word_1_258' title='bbox 1988 2102 2087 2158; x_wconf 89' lang='grc'><strong><em>(15),</em></strong></span> 
     </span>
     <span class='ocr_line' id='line_1_29' title="bbox 369 2171 2087 2229; baseline 0.001 -16"><span class='ocrx_word' id='word_1_259' title='bbox 369 2172 542 2227; x_wconf 78' lang='lat' dir='ltr'><em>denique</em></span> <span class='ocrx_word' id='word_1_260' title='bbox 581 2174 626 2214; x_wconf 76' lang='lat' dir='ltr'><em>vin</em></span> <span class='ocrx_word' id='word_1_261' title='bbox 667 2173 801 2215; x_wconf 85' lang='lat' dir='ltr'><em>titulis</em></span> <span class='ocrx_word' id='word_1_262' title='bbox 832 2173 987 2227; x_wconf 86' lang='lat' dir='ltr'><em>positis</em></span> <span class='ocrx_word' id='word_1_263' title='bbox 1016 2187 1044 2215; x_wconf 91' lang='lat' dir='ltr'><em>a</em></span> <span class='ocrx_word' id='word_1_264' title='bbox 1073 2173 1280 2215; x_wconf 84' lang='lat' dir='ltr'><em>militibus</em></span> <span class='ocrx_word' id='word_1_265' title='bbox 1308 2174 1490 2216; x_wconf 84' lang='lat' dir='ltr'><em>urbanis</em></span> <span class='ocrx_word' id='word_1_266' title='bbox 1521 2173 1590 2216; x_wconf 91' lang='lat' dir='ltr'><em>VI</em></span> <span class='ocrx_word' id='word_1_267' title='bbox 1610 2177 1700 2217; x_wconf 88' lang='grc'><em>224</em></span> <span class='ocrx_word' id='word_1_268' title='bbox 1730 2173 1830 2229; x_wconf 93' lang='grc'><strong><em>(16).</em></strong></span> <span class='ocrx_word' id='word_1_269' title='bbox 1868 2175 1957 2216; x_wconf 87' lang='grc'><em>225</em></span> <span class='ocrx_word' id='word_1_270' title='bbox 1987 2171 2087 2228; x_wconf 93' lang='grc'><strong><em>(17).</em></strong></span> 
     </span>
     <span class='ocr_line' id='line_1_30' title="bbox 367 2241 2090 2297; baseline -0.001 -13"><span class='ocrx_word' id='word_1_271' title='bbox 367 2244 457 2284; x_wconf 88' lang='grc'><em>226</em></span> <span class='ocrx_word' id='word_1_272' title='bbox 487 2241 586 2295; x_wconf 92' lang='grc'><strong><em>(18).</em></strong></span> <span class='ocrx_word' id='word_1_273' title='bbox 630 2244 723 2284; x_wconf 89' lang='grc'><em>227</em></span> <span class='ocrx_word' id='word_1_274' title='bbox 751 2241 850 2296; x_wconf 86' lang='grc'><strong><em>(1.9).</em></strong></span> <span class='ocrx_word' id='word_1_275' title='bbox 919 2241 1121 2296; x_wconf 74' lang='lat' dir='ltr'><em>Exceptis</em></span> <span class='ocrx_word' id='word_1_276' title='bbox 1163 2245 1190 2284; x_wconf 92' lang='lat' dir='ltr'><em>t.</em></span> <span class='ocrx_word' id='word_1_277' title='bbox 1225 2245 1251 2284; x_wconf 98' lang='lat'><strong><em>1</em></strong></span> <span class='ocrx_word' id='word_1_278' title='bbox 1289 2246 1328 2284; x_wconf 92' lang='lat' dir='ltr'><em>et</em></span> <span class='ocrx_word' id='word_1_279' title='bbox 1365 2246 1413 2293; x_wconf 86' lang='lat'><em>3,</em></span> <span class='ocrx_word' id='word_1_280' title='bbox 1455 2243 1554 2285; x_wconf 89' lang='lat' dir='ltr'><em>item</em></span> <span class='ocrx_word' id='word_1_281' title='bbox 1594 2242 1763 2297; x_wconf 73' lang='lat' dir='ltr'><em>teyulis,</em></span> <span class='ocrx_word' id='word_1_282' title='bbox 1807 2256 1957 2284; x_wconf 88' lang='lat' dir='ltr'><em>nomen</em></span> <span class='ocrx_word' id='word_1_283' title='bbox 2001 2241 2090 2283; x_wconf 88' lang='lat' dir='ltr'><em>eius</em></span> 
     </span>
     <span class='ocr_line' id='line_1_31' title="bbox 369 2309 2090 2361; baseline -0.001 -10"><span class='ocrx_word' id='word_1_284' title='bbox 369 2323 534 2351; x_wconf 88' lang='lat' dir='ltr'><em>erasum</em></span> <span class='ocrx_word' id='word_1_285' title='bbox 564 2313 644 2359; x_wconf 87' lang='lat' dir='ltr'><em>est,</em></span> <span class='ocrx_word' id='word_1_286' title='bbox 686 2313 733 2351; x_wconf 87' lang='lat' dir='ltr'><em>ut</em></span> <span class='ocrx_word' id='word_1_287' title='bbox 762 2311 890 2352; x_wconf 90' lang='lat' dir='ltr'><em>etiam</em></span> <span class='ocrx_word' id='word_1_288' title='bbox 917 2311 964 2352; x_wconf 91' lang='lat' dir='ltr'><em>in</em></span> <span class='ocrx_word' id='word_1_289' title='bbox 992 2311 1271 2353; x_wconf 84' lang='lat' dir='ltr'><em>mentionibus</em></span> <span class='ocrx_word' id='word_1_290' title='bbox 1301 2311 1563 2361; x_wconf 87' lang='lat' dir='ltr'><em>consulatus,</em></span> <span class='ocrx_word' id='word_1_291' title='bbox 1604 2310 1677 2353; x_wconf 89' lang='lat' dir='ltr'><em>sed</em></span> <span class='ocrx_word' id='word_1_292' title='bbox 1710 2309 1919 2352; x_wconf 86' lang='lat' dir='ltr'><em>interdum</em></span> <span class='ocrx_word' id='word_1_293' title='bbox 1950 2310 2013 2351; x_wconf 87' lang='lat' dir='ltr'><em>ita</em></span> <span class='ocrx_word' id='word_1_294' title='bbox 2040 2311 2090 2351; x_wconf 86' lang='lat' dir='ltr'><em>ut</em></span> 
     </span>
     <span class='ocr_line' id='line_1_32' title="bbox 370 2377 2088 2433; baseline 0 -14"><span class='ocrx_word' id='word_1_295' title='bbox 370 2391 480 2431; x_wconf 90' lang='lat' dir='ltr'><em>pars</em></span> <span class='ocrx_word' id='word_1_296' title='bbox 509 2379 596 2420; x_wconf 84' lang='lat' dir='ltr'><em>eius</em></span> <span class='ocrx_word' id='word_1_297' title='bbox 625 2377 776 2420; x_wconf 88' lang='lat' dir='ltr'><em>relicta</em></span> <span class='ocrx_word' id='word_1_298' title='bbox 804 2379 872 2429; x_wconf 90' lang='lat' dir='ltr'><em>sit,</em></span> <span class='ocrx_word' id='word_1_299' title='bbox 904 2378 1115 2420; x_wconf 84' lang='lat' dir='ltr'><em>interdum</em></span> <span class='ocrx_word' id='word_1_300' title='bbox 1145 2380 1208 2421; x_wconf 91' lang='lat' dir='ltr'><em>ita</em></span> <span class='ocrx_word' id='word_1_301' title='bbox 1237 2382 1285 2421; x_wconf 90' lang='lat' dir='ltr'><em>ut</em></span> <span class='ocrx_word' id='word_1_302' title='bbox 1313 2379 1441 2421; x_wconf 89' lang='lat' dir='ltr'><em>etiam</em></span> <span class='ocrx_word' id='word_1_303' title='bbox 1465 2393 1590 2421; x_wconf 85' lang='lat' dir='ltr'><em>erasa</em></span> <span class='ocrx_word' id='word_1_304' title='bbox 1610 2379 1817 2433; x_wconf 76' lang='lat' dir='ltr'><em>leyantur.</em></span> <span class='ocrx_word' id='word_1_305' title='bbox 1860 2377 1934 2432; x_wconf 88' lang='lat' dir='ltr'><em>(In</em></span> <span class='ocrx_word' id='word_1_306' title='bbox 1954 2377 2088 2420; x_wconf 86' lang='lat' dir='ltr'><em>titulis</em></span> 
     </span>
     <span class='ocr_line' id='line_1_33' title="bbox 370 2445 2088 2502; baseline 0.001 -15"><span class='ocrx_word' id='word_1_307' title='bbox 370 2445 438 2488; x_wconf 94' lang='lat' dir='ltr'><em>VI</em></span> <span class='ocrx_word' id='word_1_308' title='bbox 459 2449 577 2489; x_wconf 84' lang='lat'><em>1035.</em></span> <span class='ocrx_word' id='word_1_309' title='bbox 620 2446 742 2488; x_wconf 90' lang='lat' dir='ltr'><strong><em>VIII</em></strong></span> <span class='ocrx_word' id='word_1_310' title='bbox 765 2446 811 2489; x_wconf 81' lang='lat' dir='ltr'><em>S.</em></span> <span class='ocrx_word' id='word_1_311' title='bbox 834 2450 975 2490; x_wconf 91' lang='grc'><strong><em>17872</em></strong></span> <span class='ocrx_word' id='word_1_312' title='bbox 995 2467 1049 2482; x_wconf 85' lang='lat'><strong><em>=</em></strong></span> <span class='ocrx_word' id='word_1_313' title='bbox 1069 2447 1182 2501; x_wconf 86' lang='lat' dir='ltr'><em>Eph.</em></span> <span class='ocrx_word' id='word_1_314' title='bbox 1205 2462 1266 2502; x_wconf 92' lang='lat' dir='ltr'><em>ep.</em></span> <span class='ocrx_word' id='word_1_315' title='bbox 1290 2450 1328 2498; x_wconf 92' lang='grc'><em>7,</em></span> <span class='ocrx_word' id='word_1_316' title='bbox 1353 2450 1430 2489; x_wconf 88' lang='grc'><em>744</em></span> <span class='ocrx_word' id='word_1_317' title='bbox 1458 2461 1608 2490; x_wconf 85' lang='lat' dir='ltr'><em>nomen</em></span> <span class='ocrx_word' id='word_1_318' title='bbox 1637 2447 1725 2489; x_wconf 88' lang='lat' dir='ltr'><em>eius</em></span> <span class='ocrx_word' id='word_1_319' title='bbox 1753 2446 1916 2488; x_wconf 85' lang='lat' dir='ltr'><em>videtur</em></span> <span class='ocrx_word' id='word_1_320' title='bbox 1941 2446 2088 2500; x_wconf 81' lang='lat' dir='ltr'><em>fuisse,</em></span> 
     </span>
     <span class='ocr_line' id='line_1_34' title="bbox 368 2510 1487 2571; baseline 0.003 -15"><span class='ocrx_word' id='word_1_321' title='bbox 368 2510 442 2557; x_wconf 81' lang='lat' dir='ltr'><em>scd</em></span> <span class='ocrx_word' id='word_1_322' title='bbox 471 2516 516 2557; x_wconf 85' lang='lat' dir='ltr'><em>in</em></span> <span class='ocrx_word' id='word_1_323' title='bbox 547 2515 680 2557; x_wconf 87' lang='lat' dir='ltr'><em>locum</em></span> <span class='ocrx_word' id='word_1_324' title='bbox 710 2517 798 2558; x_wconf 87' lang='lat' dir='ltr'><em>eius</em></span> <span class='ocrx_word' id='word_1_325' title='bbox 827 2517 1055 2558; x_wconf 83' lang='lat' dir='ltr'><em>substituta</em></span> <span class='ocrx_word' id='word_1_326' title='bbox 1082 2520 1180 2559; x_wconf 88' lang='lat' dir='ltr'><em>sunt</em></span> <span class='ocrx_word' id='word_1_327' title='bbox 1210 2516 1300 2559; x_wconf 89' lang='lat' dir='ltr'><em>alia</em></span> <span class='ocrx_word' id='word_1_328' title='bbox 1329 2516 1487 2571; x_wconf 85' lang='lat' dir='ltr'><em>verba).</em></span> 
     </span>
    </p>

    <p class='ocr_par' dir='ltr' id='par_1_13' title="bbox 369 2582 2132 3390">
     <span class='ocr_line' id='line_1_35' title="bbox 456 2582 2088 2640; baseline 0.001 -15"><span class='ocrx_word' id='word_1_329' title='bbox 456 2583 708 2626; x_wconf 84' lang='lat' dir='ltr'><em>Plautianus</em></span> <span class='ocrx_word' id='word_1_330' title='bbox 746 2586 973 2639; x_wconf 87' lang='lat' dir='ltr'><em>scriptores</em></span> <span class='ocrx_word' id='word_1_331' title='bbox 1003 2586 1218 2640; x_wconf 74' lang='lat' dir='ltr'><em>plerique,</em></span> <span class='ocrx_word' id='word_1_332' title='bbox 1270 2585 1452 2627; x_wconf 87' lang='lat' dir='ltr'><em>Fulvius</em></span> <span class='ocrx_word' id='word_1_333' title='bbox 1495 2585 1567 2627; x_wconf 86' lang='lat' dir='ltr'><em>vit.</em></span> <span class='ocrx_word' id='word_1_334' title='bbox 1609 2583 1832 2627; x_wconf 87' lang='lat' dir='ltr'><em>Pescennii</em></span> <span class='ocrx_word' id='word_1_335' title='bbox 1871 2582 2003 2637; x_wconf 72' lang='lat' dir='ltr'><em>Niyri</em></span> <span class='ocrx_word' id='word_1_336' title='bbox 2033 2586 2088 2634; x_wconf 87' lang='grc'><em>2;</em></span> 
     </span>
     <span class='ocr_line' id='line_1_36' title="bbox 373 2650 2088 2707; baseline 0 -14"><span class='ocrx_word' id='word_1_337' title='bbox 373 2650 420 2693; x_wconf 81' lang='lat' dir='ltr'><em>C.</em></span> <span class='ocrx_word' id='word_1_338' title='bbox 443 2651 627 2694; x_wconf 87' lang='lat' dir='ltr'><em>Fulvius</em></span> <span class='ocrx_word' id='word_1_339' title='bbox 649 2652 903 2695; x_wconf 82' lang='lat' dir='ltr'><em>Plautianus</em></span> <span class='ocrx_word' id='word_1_340' title='bbox 935 2653 1003 2696; x_wconf 91' lang='lat' dir='ltr'><em>VI</em></span> <span class='ocrx_word' id='word_1_341' title='bbox 1015 2657 1117 2704; x_wconf 91' lang='grc'><strong><em>220,</em></strong></span> <span class='ocrx_word' id='word_1_342' title='bbox 1150 2653 1199 2696; x_wconf 82' lang='lat' dir='ltr'><em>O.</em></span> <span class='ocrx_word' id='word_1_343' title='bbox 1222 2653 1318 2697; x_wconf 87' lang='lat' dir='ltr'><em>Ful.</em></span> <span class='ocrx_word' id='word_1_344' title='bbox 1344 2653 1481 2696; x_wconf 86' lang='lat' dir='ltr'><em>Plaut.</em></span> <span class='ocrx_word' id='word_1_345' title='bbox 1514 2652 1687 2707; x_wconf 73' lang='lat' dir='ltr'><em>teyulae,</em></span> <span class='ocrx_word' id='word_1_346' title='bbox 1710 2654 1938 2706; x_wconf 89' lang='lat' dir='ltr'><em>praeterea</em></span> <span class='ocrx_word' id='word_1_347' title='bbox 1958 2665 2088 2705; x_wconf 86' lang='lat' dir='ltr'><em>prae-</em></span> 
     </span>
     <span class='ocr_line' id='line_1_37' title="bbox 369 2720 2085 2777; baseline -0.001 -16"><span class='ocrx_word' id='word_1_348' title='bbox 369 2734 518 2763; x_wconf 84' lang='lat' dir='ltr'><em>nomen</em></span> <span class='ocrx_word' id='word_1_349' title='bbox 548 2720 596 2764; x_wconf 79' lang='lat' dir='ltr'><em>C.</em></span> <span class='ocrx_word' id='word_1_350' title='bbox 629 2722 777 2764; x_wconf 88' lang='lat' dir='ltr'><em>lectum</em></span> <span class='ocrx_word' id='word_1_351' title='bbox 807 2725 867 2764; x_wconf 88' lang='lat' dir='ltr'><em>cst</em></span> <span class='ocrx_word' id='word_1_352' title='bbox 896 2723 941 2764; x_wconf 85' lang='lat' dir='ltr'><em>in</em></span> <span class='ocrx_word' id='word_1_353' title='bbox 972 2726 999 2766; x_wconf 88' lang='lat' dir='ltr'><em>t.</em></span> <span class='ocrx_word' id='word_1_354' title='bbox 1021 2726 1060 2765; x_wconf 89' lang='lat'><em>1.</em></span> <span class='ocrx_word' id='word_1_355' title='bbox 1081 2726 1125 2766; x_wconf 91' lang='grc'><em>2.</em></span> <span class='ocrx_word' id='word_1_356' title='bbox 1147 2726 1214 2765; x_wconf 91' lang='grc'><em>18.</em></span> <span class='ocrx_word' id='word_1_357' title='bbox 1235 2726 1302 2765; x_wconf 89' lang='grc'><em>19.</em></span> <span class='ocrx_word' id='word_1_358' title='bbox 1363 2722 1543 2777; x_wconf 83' lang='lat' dir='ltr'><em>Origine</em></span> <span class='ocrx_word' id='word_1_359' title='bbox 1572 2721 1680 2764; x_wconf 87' lang='lat' dir='ltr'><em>Afer</em></span> <span class='ocrx_word' id='word_1_360' title='bbox 1709 2720 1869 2764; x_wconf 86' lang='lat' dir='ltr'><em>Herod.</em></span> <span class='ocrx_word' id='word_1_361' title='bbox 1896 2724 1935 2771; x_wconf 88' lang='grc'><em>3,</em></span> <span class='ocrx_word' id='word_1_362' title='bbox 1958 2722 2025 2770; x_wconf 90' lang='grc'><strong><em>10,</em></strong></span> <span class='ocrx_word' id='word_1_363' title='bbox 2046 2721 2085 2761; x_wconf 91' lang='grc'><em>6.</em></span> 
     </span>
     <span class='ocr_line' id='line_1_38' title="bbox 371 2787 2087 2847; baseline 0 -17"><span class='ocrx_word' id='word_1_364' title='bbox 371 2787 420 2831; x_wconf 83' lang='lat' dir='ltr'><em>C.</em></span> <span class='ocrx_word' id='word_1_365' title='bbox 444 2788 471 2831; x_wconf 87' lang='lat' dir='ltr'><em>f.</em></span> <span class='ocrx_word' id='word_1_366' title='bbox 494 2792 521 2833; x_wconf 90' lang='lat' dir='ltr'><em>t.</em></span> <span class='ocrx_word' id='word_1_367' title='bbox 542 2793 581 2831; x_wconf 89' lang='lat'><em>1.</em></span> <span class='ocrx_word' id='word_1_368' title='bbox 630 2789 767 2832; x_wconf 90' lang='lat' dir='ltr'><em>Tribu</em></span> <span class='ocrx_word' id='word_1_369' title='bbox 788 2790 971 2843; x_wconf 77' lang='lat' dir='ltr'><em>Quirina</em></span> <span class='ocrx_word' id='word_1_370' title='bbox 991 2794 1019 2832; x_wconf 81' lang='lat' dir='ltr'><em>t.</em></span> <span class='ocrx_word' id='word_1_371' title='bbox 1046 2794 1085 2833; x_wconf 90' lang='lat'><em>1.</em></span> <span class='ocrx_word' id='word_1_372' title='bbox 1130 2791 1200 2833; x_wconf 88' lang='lat' dir='ltr'><em>De</em></span> <span class='ocrx_word' id='word_1_373' title='bbox 1228 2791 1320 2833; x_wconf 86' lang='lat' dir='ltr'><em>vita</em></span> <span class='ocrx_word' id='word_1_374' title='bbox 1349 2791 1440 2832; x_wconf 86' lang='lat' dir='ltr'><em>eius</em></span> <span class='ocrx_word' id='word_1_375' title='bbox 1470 2791 1640 2847; x_wconf 82' lang='lat' dir='ltr'><em>privata</em></span> <span class='ocrx_word' id='word_1_376' title='bbox 1669 2795 1769 2832; x_wconf 85' lang='lat' dir='ltr'><em>ante</em></span> <span class='ocrx_word' id='word_1_377' title='bbox 1798 2789 2087 2845; x_wconf 82' lang='lat' dir='ltr'><em>principatum</em></span> 
     </span>
     <span class='ocr_line' id='line_1_39' title="bbox 373 2855 2086 2914; baseline -0.001 -15"><span class='ocrx_word' id='word_1_378' title='bbox 373 2856 524 2899; x_wconf 86' lang='lat' dir='ltr'><em>Severi</em></span> <span class='ocrx_word' id='word_1_379' title='bbox 555 2872 693 2913; x_wconf 80' lang='lat' dir='ltr'><em>pauca</em></span> <span class='ocrx_word' id='word_1_380' title='bbox 718 2857 848 2900; x_wconf 83' lang='lat' dir='ltr'><em>habet</em></span> <span class='ocrx_word' id='word_1_381' title='bbox 871 2858 1030 2900; x_wconf 82' lang='lat' dir='ltr'><em>Herod.</em></span> <span class='ocrx_word' id='word_1_382' title='bbox 1063 2859 1088 2901; x_wconf 92' lang='lat' dir='ltr'><em>l.</em></span> <span class='ocrx_word' id='word_1_383' title='bbox 1122 2873 1156 2903; x_wconf 90' lang='lat' dir='ltr'><em>c.</em></span> <span class='ocrx_word' id='word_1_384' title='bbox 1196 2858 1237 2901; x_wconf 92' lang='lat' dir='ltr'><strong>A</strong></span> <span class='ocrx_word' id='word_1_385' title='bbox 1267 2858 1474 2914; x_wconf 84' lang='lat' dir='ltr'><em>Septimio</em></span> <span class='ocrx_word' id='word_1_386' title='bbox 1505 2858 1663 2901; x_wconf 88' lang='lat' dir='ltr'><em>Severo</em></span> <span class='ocrx_word' id='word_1_387' title='bbox 1693 2858 1850 2899; x_wconf 83' lang='lat' dir='ltr'><em>missus</em></span> <span class='ocrx_word' id='word_1_388' title='bbox 1879 2855 1934 2898; x_wconf 87' lang='lat' dir='ltr'><em>ad</em></span> <span class='ocrx_word' id='word_1_389' title='bbox 1964 2870 2086 2898; x_wconf 86' lang='lat' dir='ltr'><em>occu-</em></span> 
     </span>
     <span class='ocr_line' id='line_1_40' title="bbox 371 2924 2087 2980; baseline -0.001 -14"><span class='ocrx_word' id='word_1_390' title='bbox 371 2924 535 2980; x_wconf 86' lang='lat' dir='ltr'><em>pandos</em></span> <span class='ocrx_word' id='word_1_391' title='bbox 565 2926 690 2980; x_wconf 83' lang='lat' dir='ltr'><em>Nigri</em></span> <span class='ocrx_word' id='word_1_392' title='bbox 720 2925 830 2968; x_wconf 86' lang='lat' dir='ltr'><em>filios</em></span> <span class='ocrx_word' id='word_1_393' title='bbox 858 2927 931 2969; x_wconf 82' lang='lat' dir='ltr'><em>vit.</em></span> <span class='ocrx_word' id='word_1_394' title='bbox 963 2926 1109 2970; x_wconf 76' lang='lat' dir='ltr'><em>Severi</em></span> <span class='ocrx_word' id='word_1_395' title='bbox 1135 2931 1161 2969; x_wconf 87' lang='lat'><em>6</em></span> <span class='ocrx_word' id='word_1_396' title='bbox 1171 2940 1184 2978; x_wconf 90' lang='lat'><em>,·</em></span> <span class='ocrx_word' id='word_1_397' title='bbox 1212 2927 1284 2969; x_wconf 84' lang='lat' dir='ltr'><em>vit.</em></span> <span class='ocrx_word' id='word_1_398' title='bbox 1316 2926 1539 2969; x_wconf 88' lang='lat' dir='ltr'><em>Pescennii</em></span> <span class='ocrx_word' id='word_1_399' title='bbox 1568 2925 1701 2980; x_wconf 73' lang='lat' dir='ltr'><em>Niyri</em></span> <span class='ocrx_word' id='word_1_400' title='bbox 1717 2928 1756 2969; x_wconf 89' lang='lat'><em>5.</em></span> <span class='ocrx_word' id='word_1_401' title='bbox 1815 2925 1881 2967; x_wconf 88' lang='lat' dir='ltr'><em>Eo</em></span> <span class='ocrx_word' id='word_1_402' title='bbox 1911 2930 2087 2966; x_wconf 83' lang='lat' dir='ltr'><em>auctore</em></span> 
     </span>
     <span class='ocr_line' id='line_1_41' title="bbox 371 2992 2087 3051; baseline -0.001 -17"><span class='ocrx_word' id='word_1_403' title='bbox 371 2993 687 3035; x_wconf 80' lang='lat' dir='ltr'><em>Pescennianas</em></span> <span class='ocrx_word' id='word_1_404' title='bbox 726 2993 927 3050; x_wconf 85' lang='lat' dir='ltr'><em>reliquias</em></span> <span class='ocrx_word' id='word_1_405' title='bbox 958 2996 1232 3051; x_wconf 84' lang='lat' dir='ltr'><em>persequitur</em></span> <span class='ocrx_word' id='word_1_406' title='bbox 1263 2995 1450 3038; x_wconf 80' lang='lat' dir='ltr'><em>Severus</em></span> <span class='ocrx_word' id='word_1_407' title='bbox 1475 2995 1548 3036; x_wconf 80' lang='lat' dir='ltr'><em>vit.</em></span> <span class='ocrx_word' id='word_1_408' title='bbox 1580 2994 1725 3037; x_wconf 67' lang='lat' dir='ltr'><em>Seven</em></span> <span class='ocrx_word' id='word_1_409' title='bbox 1752 2996 1818 3036; x_wconf 88' lang='lat'><em>15.</em></span> <span class='ocrx_word' id='word_1_410' title='bbox 1877 2992 2087 3048; x_wconf 79' lang='lat' dir='ltr'><em>(Exeunte</em></span> 
     </span>
     <span class='ocr_line' id='line_1_42' title="bbox 372 3059 2087 3117; baseline -0.001 -14"><span class='ocrx_word' id='word_1_411' title='bbox 372 3076 411 3105; x_wconf 92' lang='lat' dir='ltr'><em>a.</em></span> <span class='ocrx_word' id='word_1_412' title='bbox 433 3065 514 3104; x_wconf 87' lang='grc'><em>196</em></span> <span class='ocrx_word' id='word_1_413' title='bbox 544 3076 572 3103; x_wconf 92' lang='lat' dir='ltr'><em>a</em></span> <span class='ocrx_word' id='word_1_414' title='bbox 603 3062 839 3105; x_wconf 84' lang='lat' dir='ltr'><em>Plautiano</em></span> <span class='ocrx_word' id='word_1_415' title='bbox 867 3063 1052 3105; x_wconf 86' lang='lat' dir='ltr'><em>nondum</em></span> <span class='ocrx_word' id='word_1_416' title='bbox 1080 3064 1293 3117; x_wconf 84' lang='lat' dir='ltr'><em>praefecto</em></span> <span class='ocrx_word' id='word_1_417' title='bbox 1325 3063 1558 3117; x_wconf 86' lang='lat' dir='ltr'><em>praetorii,</em></span> <span class='ocrx_word' id='word_1_418' title='bbox 1598 3061 1672 3104; x_wconf 90' lang='lat' dir='ltr'><em>sed</em></span> <span class='ocrx_word' id='word_1_419' title='bbox 1706 3061 1875 3103; x_wconf 84' lang='lat' dir='ltr'><em>tribuno</em></span> <span class='ocrx_word' id='word_1_420' title='bbox 1905 3059 2087 3102; x_wconf 78' lang='lat' dir='ltr'><em>cohortis</em></span> 
     </span>
     <span class='ocr_line' id='line_1_43' title="bbox 371 3127 2132 3185; baseline 0.001 -14"><span class='ocrx_word' id='word_1_421' title='bbox 371 3130 553 3172; x_wconf 80' lang='lat' dir='ltr'><em>decimae</em></span> <span class='ocrx_word' id='word_1_422' title='bbox 584 3131 831 3184; x_wconf 87' lang='lat' dir='ltr'><em>praetoriae</em></span> <span class='ocrx_word' id='word_1_423' title='bbox 862 3134 1033 3185; x_wconf 87' lang='lat' dir='ltr'><em>partem</em></span> <span class='ocrx_word' id='word_1_424' title='bbox 1072 3132 1290 3185; x_wconf 88' lang='lat' dir='ltr'><em>copiarum</em></span> <span class='ocrx_word' id='word_1_425' title='bbox 1325 3130 1471 3174; x_wconf 82' lang='lat' dir='ltr'><em>Severi</em></span> <span class='ocrx_word' id='word_1_426' title='bbox 1505 3130 1673 3172; x_wconf 84' lang='lat' dir='ltr'><em>ductam</em></span> <span class='ocrx_word' id='word_1_427' title='bbox 1712 3143 1797 3172; x_wconf 87' lang='lat' dir='ltr'><em>esse</em></span> <span class='ocrx_word' id='word_1_428' title='bbox 1827 3142 1877 3171; x_wconf 76' lang='lat' dir='ltr'><em>ex</em></span> <span class='ocrx_word' id='word_1_429' title='bbox 1905 3127 2089 3182; x_wconf 77' lang='lat' dir='ltr'><em>Illyrico.</em></span> <span class='ocrx_word' id='word_1_430' title='bbox 2124 3171 2132 3184; x_wconf 71' lang='lat'><strong><em>,</em></strong></span> 
     </span>
     <span class='ocr_line' id='line_1_44' title="bbox 371 3195 2086 3250; baseline -0.001 -11"><span class='ocrx_word' id='word_1_431' title='bbox 371 3199 417 3240; x_wconf 89' lang='lat' dir='ltr'><em>in</em></span> <span class='ocrx_word' id='word_1_432' title='bbox 443 3197 634 3240; x_wconf 82' lang='lat' dir='ltr'><em>Galliam</em></span> <span class='ocrx_word' id='word_1_433' title='bbox 663 3202 811 3241; x_wconf 89' lang='lat' dir='ltr'><em>contra</em></span> <span class='ocrx_word' id='word_1_434' title='bbox 828 3199 1044 3250; x_wconf 86' lang='lat' dir='ltr'><em>Albinum,</em></span> <span class='ocrx_word' id='word_1_435' title='bbox 1075 3199 1250 3241; x_wconf 89' lang='lat' dir='ltr'><em>coniecit</em></span> <span class='ocrx_word' id='word_1_436' title='bbox 1267 3197 1324 3240; x_wconf 89' lang='lat' dir='ltr'><em>A.</em></span> <span class='ocrx_word' id='word_1_437' title='bbox 1345 3211 1382 3240; x_wconf 84' lang='lat' dir='ltr'><em>v.</em></span> <span class='ocrx_word' id='word_1_438' title='bbox 1403 3197 1686 3240; x_wconf 83' lang='lat' dir='ltr'><em>Premerstein</em></span> <span class='ocrx_word' id='word_1_439' title='bbox 1708 3196 1824 3239; x_wconf 89' lang='lat' dir='ltr'><em>arch.</em></span> <span class='ocrx_word' id='word_1_440' title='bbox 1850 3210 1912 3250; x_wconf 88' lang='lat' dir='ltr'><em>ep.</em></span> <span class='ocrx_word' id='word_1_441' title='bbox 1936 3195 2086 3238; x_wconf 86' lang='lat' dir='ltr'><em>Mitth.</em></span> 
     </span>
     <span class='ocr_line' id='line_1_45' title="bbox 371 3263 2085 3320; baseline -0.001 -13"><span class='ocrx_word' id='word_1_442' title='bbox 371 3268 430 3308; x_wconf 90' lang='grc'><em>12</em></span> <span class='ocrx_word' id='word_1_443' title='bbox 452 3281 498 3320; x_wconf 92' lang='lat' dir='ltr'><em>p.</em></span> <span class='ocrx_word' id='word_1_444' title='bbox 521 3269 574 3307; x_wconf 83' lang='lat'><em>13</em></span> <span class='ocrx_word' id='word_1_445' title='bbox 592 3280 692 3319; x_wconf 62' lang='lat' dir='ltr'><em>seq„</em></span> <span class='ocrx_word' id='word_1_446' title='bbox 734 3268 919 3320; x_wconf 79' lang='lat' dir='ltr'><em>referens</em></span> <span class='ocrx_word' id='word_1_447' title='bbox 959 3267 1016 3309; x_wconf 87' lang='lat' dir='ltr'><em>ad</em></span> <span class='ocrx_word' id='word_1_448' title='bbox 1053 3281 1146 3309; x_wconf 90' lang='lat' dir='ltr'><em>eum</em></span> <span class='ocrx_word' id='word_1_449' title='bbox 1176 3266 1342 3309; x_wconf 87' lang='lat' dir='ltr'><em>titulum</em></span> <span class='ocrx_word' id='word_1_450' title='bbox 1370 3266 1458 3308; x_wconf 94' lang='lat' dir='ltr'><em>III</em></span> <span class='ocrx_word' id='word_1_451' title='bbox 1479 3269 1590 3308; x_wconf 83' lang='grc'><strong><em>4037</em></strong></span> <span class='ocrx_word' id='word_1_452' title='bbox 1615 3265 1866 3308; x_wconf 66' lang='lat' dir='ltr'><em>Poetae-ione</em></span> <span class='ocrx_word' id='word_1_453' title='bbox 1894 3264 1940 3306; x_wconf 87' lang='lat' dir='ltr'><em>in</em></span> <span class='ocrx_word' id='word_1_454' title='bbox 1970 3263 2085 3306; x_wconf 88' lang='lat' dir='ltr'><em>Pan-</em></span> 
     </span>
     <span class='ocr_line' id='line_1_46' title="bbox 372 3330 2085 3390; baseline -0.001 -14"><span class='ocrx_word' id='word_1_455' title='bbox 372 3335 503 3377; x_wconf 83' lang='lat' dir='ltr'><em>nonia</em></span> <span class='ocrx_word' id='word_1_456' title='bbox 531 3335 626 3377; x_wconf 84' lang='lat' dir='ltr'><em>Iovi</em></span> <span class='ocrx_word' id='word_1_457' title='bbox 645 3336 848 3390; x_wconf 79' lang='lat' dir='ltr'><em>praestiti</em></span> <span class='ocrx_word' id='word_1_458' title='bbox 875 3338 1091 3378; x_wconf 83' lang='lat' dir='ltr'><em>sacratum</em></span> <span class='ocrx_word' id='word_1_459' title='bbox 1122 3335 1175 3377; x_wconf 87' lang='lat' dir='ltr'><em>ab</em></span> <span class='ocrx_word' id='word_1_460' title='bbox 1205 3334 1322 3377; x_wconf 84' lang='lat' dir='ltr'><em>illius</em></span> <span class='ocrx_word' id='word_1_461' title='bbox 1351 3333 1534 3377; x_wconf 85' lang='lat' dir='ltr'><em>cohortis</em></span> <span class='ocrx_word' id='word_1_462' title='bbox 1563 3334 1731 3378; x_wconf 83' lang='lat' dir='ltr'><em>tribuno</em></span> <span class='ocrx_word' id='word_1_463' title='bbox 1759 3330 1960 3388; x_wconf 80' lang='lat' dir='ltr'><em>quodam,</em></span> <span class='ocrx_word' id='word_1_464' title='bbox 1992 3345 2085 3375; x_wconf 87' lang='lat' dir='ltr'><em>cum</em></span> 
     </span>
    </p>
   </div>
  </div>
 </body>
</html>
