2202 3724
249 284 387 320 IVLIA
1106 273 1190 315 228
1906 278 2045 313 IVLIA

337 412 438 457 Viet.
458 411 574 455 Caes.
593 414 662 461 21,
683 414 722 460 3,
754 411 901 466 nupsit
921 408 1170 453 Caracallae
1195 408 1396 464 privigno
1426 407 1497 450 vit.
1519 406 1612 450 Sev.
1633 409 1703 458 21,
1728 410 1764 457 7,
1795 408 1867 450 vit.
1897 406 2050 450 Carae.

334 483 399 530 10,
419 483 457 529 3,
478 478 659 531 Eutrop.
675 480 714 527 8,
736 481 807 527 20,
836 477 937 520 Viet.
961 478 1078 532 epist.
1100 479 1170 526 21,
1185 478 1224 526 5,
1254 475 1373 519 Oros.
1392 478 1430 525 7,
1445 477 1510 526 18,
1528 474 1588 529 2).
1628 473 1924 530 Epistularum
1947 490 2053 518 cura

336 548 373 589 ei
404 547 630 589 commissa
660 560 686 587 a
712 545 934 588 Caracalla
953 544 1040 587 Dio
1064 547 1128 595 77,
1152 547 1219 586 18.
1259 542 1312 585 A.
1337 543 1418 586 217
1443 541 1669 586 Caracalla
1698 549 1848 585 contra
1869 543 2052 586 Parthos

335 614 526 671 profecto
556 613 813 656 Antiochiae
844 613 1004 655 resedit
1032 612 1120 654 Dio
1139 614 1206 662 78,
1228 615 1267 662 4,
1298 610 1457 654 Herod.
1477 614 1517 662 4,
1540 614 1603 662 13,
1625 613 1665 653 8.
1722 610 1886 653 Audita
1914 618 2052 654 morte

336 681 584 726 Caracallae
623 680 780 723 vulnus
819 681 900 723 sibi
927 681 1034 736 -ipsa
1073 679 1249 733 inflixit,
1293 694 1347 721 ex
1388 693 1472 734 quo
1506 678 1650 735 paullo
1681 685 1778 735 post
1805 679 1935 735 periit
1962 678 2051 722 Dio

334 753 400 800 78,
428 753 487 793 23
516 749 638 804 (Zon.
667 752 737 799 12,
770 751 852 805 13),
881 748 1040 791 Herod.
1067 749 1094 791 l.
1117 762 1150 790 e.
1210 746 1435 803 Reliquiae
1464 748 1653 803 primum
1682 748 1726 788 in
1755 747 1838 791 Grai
1868 753 1911 789 et
1939 747 2050 789 Luci

335 817 514 871 tumulo,
556 823 705 873 postea
745 817 864 859 iussu
893 817 1066 858 Maesae
1105 816 1263 858 sororis
1293 816 1337 856 in
1362 814 1574 857 Hadriani
1603 814 1822 858 mausoleo
1853 815 2050 867 conditae

335 886 422 928 Dio
450 888 516 936 78,
547 887 617 928 24.

250 954 333 996 439
362 959 502 995 IVLIA
531 959 783 995 DRVSILLA
814 953 891 1007 (sie
918 952 1043 1007 plene
1074 948 1256 995 V5722.
1296 952 1403 994 XII
1424 955 1547 1002 1026,
1582 955 1810 1006 praeterea
1839 951 2050 1007 Drusilla)

336 1022 585 1065 Germanici
607 1020 805 1064 Caesaris
838 1027 879 1063 et
908 1020 1176 1077 Agrippinae
1204 1019 1294 1062 filia
1323 1019 1458 1062 altera
1479 1019 1594 1063 Suet.
1623 1018 1715 1063 Gal.
1737 1022 1775 1070 7,
1807 1026 1910 1062 nata
1939 1035 2052 1063 anno

335 1096 433 1131 ante
463 1089 619 1131 Iuliam
639 1088 843 1131 Livillam
864 1089 935 1139 ib„
966 1090 994 1131 i.
1023 1104 1055 1131 e.
1088 1102 1199 1131 anno
1219 1091 1272 1130 17
1289 1088 1364 1138 vel,
1395 1091 1442 1130 ut
1464 1088 1707 1142 'suspicatus
1736 1091 1797 1130 est
1818 1088 2053 1131 Mommsen

334 1157 511 1200 Hermes
539 1161 593 1200 13
623 1172 670 1212 Ρ.
701 1159 802 1207 254,
845 1171 956 1200 anno
997 1160 1047 1199 16
1085 1160 1277 1207 exeunte,
1318 1159 1424 1199 certe
1465 1159 1562 1198 ante
1601 1156 1639 1198 d.
1679 1159 1742 1199 22
1773 1156 1885 1199 Mai.
1916 1159 1969 1198 17
1999 1157 2051 1210 efi

339 1226 437 1268 Tae.
468 1240 508 1268 a.
538 1228 581 1276 2,
613 1229 678 1276 41,
711 1226 756 1266 in
786 1226 1019 1269 Germania
1050 1224 1166 1268 Suet.
1198 1223 1287 1267 Cal.
1317 1227 1345 1267 8
1375 1224 1447 1279 (ef.
1479 1224 1715 1266 Mommsen
1744 1224 1770 1267 l.
1800 1237 1832 1267 e.
1856 1239 1904 1278 Ρ.
1933 1223 2052 1279 252).

335 1293 492 1336 Adhuc
523 1293 666 1350 puella
695 1294 847 1336 vitiata
868 1308 893 1335 a
913 1292 962 1336 C.
988 1292 1174 1336 Caesare
1203 1292 1336 1335 fratre
1356 1292 1472 1336 Suet.
1500 1291 1592 1335 Cal.
1614 1295 1684 1336 24.
1733 1291 1787 1335 A.
1809 1307 1851 1349 p.
1874 1291 1976 1335 Chr.
1998 1292 2052 1335 33

336 1363 483 1418 nupsit
511 1362 562 1407 L.
595 1361 744 1405 Cassio
779 1362 976 1416 Longino
1015 1362 1119 1414 (cos,
1150 1376 1188 1404 a.
1220 1362 1292 1415 30)
1329 1361 1427 1403 Tae.
1459 1375 1499 1403 a.
1531 1364 1568 1411 6,
1597 1363 1662 1411 15,
1704 1360 1820 1404 Suet.
1857 1359 1949 1403 Gal.
1981 1363 2052 1404 24.

334 1431 451 1473 Huic
480 1445 506 1472 a
527 1429 575 1472 C.
598 1429 783 1472 Caesare
814 1444 958 1471 rerum
983 1430 1116 1486 potito
1149 1428 1335 1472 abducta
1369 1435 1411 1471 et
1441 1430 1485 1471 in
1515 1428 1690 1471 modum
1729 1429 1867 1471 iustae
1906 1428 2054 1471 uxoris

338 1497 485 1540 habita
516 1498 631 1541 Suet.
663 1497 690 1541 l.
719 1511 752 1540 e.
814 1496 951 1541 Simul
981 1512 1080 1539 cum
1111 1512 1161 1539 ea
1191 1497 1544 1539 consuetudinem
1575 1497 1727 1540 habuit
1754 1497 1815 1540 M.
1845 1496 2055 1540 Aemilius

339 1565 530 1622 Lepidus
560 1565 649 1608 Dio
667 1568 734 1616 59,
757 1569 809 1608 11
840 1565 963 1618 (Zon.
984 1569 1048 1616 11,
1070 1567 1127 1621 5).
1177 1565 1245 1607 De
1273 1565 1500 1608 honoribus
1530 1566 1570 1607 ei
1598 1568 1637 1607 et
1664 1566 1881 1608 sororibus
1910 1565 1999 1608 eius
2029 1579 2056 1607 a

332 1634 377 1677 (J.
403 1634 586 1678 Caesare
606 1633 764 1676 habitis
783 1634 837 1688 ef.
858 1634 934 1676 sub
956 1634 1074 1676 Iulia
1088 1633 1333 1688 Ayrippina
1355 1633 1504 1688 (supra
1523 1648 1564 1676 n.
1585 1635 1698 1686 425).
1724 1633 1837 1676 Ludi
1859 1634 1903 1675 in
1924 1633 2054 1675 hono-

338 1717 428 1744 rem
455 1703 545 1744 eius
577 1701 725 1758 Cyzici
756 1702 858 1744 editi
891 1705 918 1746 t.
947 1702 1184 1756 Cyzicenus,
1211 1716 1279 1756 αΡ.
1305 1702 1360 1744 Ε.
1389 1701 1582 1745 Curtium
1604 1701 1963 1744 Monatsberiohte
1983 1701 2056 1744 der

334 1770 453 1813 Berl.
476 1770 709 1813 Akademie
729 1773 836 1813 1874
847 1785 894 1824 Ρ.
912 1773 964 1813 16
986 1790 1039 1805 Σ-
1059 1770 1358 1824 Dittenberyer
1377 1770 1470 1825 syll.
1491 1773 1589 1813 279.
1633 1770 1854 1827 Δρουσίλλα
1875 1770 2056 1829 Σεβαστή

334 1852 525 1881 nummus
551 1838 845 1893 Mitylenensis
875 1853 943 1893 αΡ.
970 1838 1131 1881 Eekhel
1161 1842 1187 1881 6
1207 1853 1255 1893 Ρ.
1277 1842 1379 1889 232,
1413 1838 1609 1881 Mionnet
1629 1839 1718 1881 III
1732 1853 1780 1894 Ρ.
1802 1841 1857 1881 49
1885 1852 1927 1882 n.
1949 1841 2056 1889 125,-

338 1907 572 1949 eelebratur
592 1907 719 1949 etiam
739 1907 785 1948 iu
804 1908 984 1949 nummis
1001 1907 1259 1962 Smyrnaeis,
1284 1921 1353 1961 αΡ.
1378 1907 1575 1950 Mionnet
1594 1907 1682 1950 III
1690 1922 1739 1962 Ρ.
1760 1910 1849 1951 221
1867 1921 1910 1950 n.
1927 1909 2056 1951 1232.

336 1978 448 2019 1233
478 1976 532 2029 ef.
560 1975 753 2017 Frankel
783 1974 1031 2029 Zeitsehrift
1068 1976 1100 2029 f.
1139 1975 1348 2017 Numism.
1379 1978 1493 2018 1892
1514 1990 1560 2029 Ρ.
1581 1977 1621 2018 5.
1672 1975 1934 2018 Defunctam
1963 1989 2058 2018 eam

339 2059 377 2088 a.
396 2044 450 2085 38
472 2042 559 2085 Dio
579 2045 647 2093 59,
671 2046 737 2093 19,
761 2042 809 2086 C.
832 2042 992 2086 Caesar
1023 2043 1248 2085 immodice
1281 2049 1323 2084 et
1343 2043 1434 2099 ipse
1457 2042 1569 2085 luxit
1594 2048 1637 2085 et
1658 2058 1684 2085 a
1704 2042 1887 2086 subditis
1917 2042 2056 2098 lugeri

268 2149 274 2154 .
338 2112 463 2154 iussit
493 2110 653 2154 Seneca
683 2124 793 2154 eons.
825 2110 883 2153 ad
911 2111 1059 2166 Polyb.
1091 2115 1158 2162 17,
1188 2114 1288 2162 4—6,
1321 2111 1436 2156 Suet.
1466 2110 1558 2155 Gal.
1589 2114 1659 2164 24,
1691 2111 1779 2154 Dio
1808 2114 1876 2163 59,
1909 2114 1973 2154 10.
2003 2115 2058 2155 11

341 2180 395 2233 ef.
427 2179 560 2221 Philo
598 2179 644 2221 in
673 2178 883 2221 Flaccum
920 2193 952 2222 e.
983 2182 1012 2221 8
1043 2178 1120 2231 (II
1142 2194 1190 2234 Ρ.
1221 2179 1335 2233 525).
1403 2180 1613 2221 Inventus
1652 2179 1807 2222 Livius
1848 2180 2065 2224 Geminus*

341 2253 512 2289 senator
542 2247 616 2302 qui
647 2246 808 2288 vidisse
848 2262 893 2289 se
933 2248 1141 2289 iuraverit
1169 2246 1408 2290 Drusillam
1442 2249 1486 2290 in
1518 2247 1685 2290 coelum
1714 2254 1883 2304 raptam
1914 2248 2057 2292 senec.
2103 2241 2106 2242 ⁷

341 2329 457 2369 apoc.
478 2318 517 2365 1,
548 2314 636 2357 Dio
656 2317 723 2365 59,
745 2318 810 2358 11.
861 2315 978 2357 Diva
998 2314 1195 2358 Drusilla
1210 2315 1290 2357 XI
1301 2318 1422 2357 1168.
1452 2317 1574 2359 3598.
1604 2315 1684 2358 XI
1688 2315 1859 2367 V3576,
1890 2316 2060 2359 Dessau

340 2383 466 2424 inser.
497 2381 570 2425 sel.
602 2385 695 2433 197,
729 2385 809 2424 aet.
831 2382 936 2425 Arv.
968 2383 1075 2439 (eph.
1104 2397 1166 2437 ep.
1188 2385 1216 2425 8
1235 2398 1284 2438 Ρ.
1304 2385 1402 2434 320,
1424 2385 1482 2438 4).
1539 2382 1809 2427 Oonseerati'o
1837 2383 2060 2427 Drusillae

342 2450 524 2503 fortasse
552 2453 808 2492 memoratur
838 2451 883 2493 in
921 2451 1009 2493 loeo
1041 2454 1230 2494 aetorum
1253 2451 1358 2493 Arv.
1390 2451 1536 2494 mutilo
1568 2452 1806 2506 pertinente
1847 2452 1906 2495 ad
1931 2467 2058 2496 mens.

339 2517 428 2561 Oet.
459 2532 499 2559 a.
519 2520 586 2568 38,
629 2518 727 2560 item
763 2519 808 2560 in
848 2521 876 2560 t.
906 2518 1189 2562 Avenionensi
1217 2519 1324 2561 XII
1351 2522 1463 2563 1026
1502 2520 1574 2574 (ef.
1606 2519 1853 2574 Hirschfeld
1892 2521 2060 2565 Wiener

334 2585 512 2628 Studien
541 2588 649 2628 1881
670 2601 719 2641 Ρ.
750 2586 850 2641 266)
891 2601 992 2630 sane
1033 2588 1219 2630 obscuro.
1278 2588 1386 2630 Dies
1426 2587 1581 2630 natalis
1620 2589 1749 2630 etiam
1779 2604 1816 2633 a.
1845 2589 1900 2631 39
1932 2595 1975 2632 et
2002 2590 2059 2632 40

343 2652 583 2696 celebratus
613 2653 701 2697 Dio
730 2658 796 2705 59,
827 2658 893 2697 13.
926 2659 995 2698 24.
1039 2655 1277 2698 Flaminica
1307 2655 1433 2698 divae
1463 2656 1681 2698 Drusillae
1712 2656 1884 2701 V7345.
1933 2658 2059 2702 Servi

345 2722 436 2763 eius
457 2729 606 2778 postea
626 2722 729 2766 dicti
750 2724 1005 2767 Drusilliani
1022 2724 1142 2767 Plin.
1165 2724 1205 2767 h.
1226 2739 1267 2767 n.
1284 2728 1350 2776 33,
1373 2727 1452 2769 145
1472 2725 1585 2780 (inde
1611 2725 1783 2768 Tertull.
1807 2725 1855 2768 de
1866 2726 1978 2780 pall.
1993 2728 2060 2778 5);

350 2789 417 2832 VI
440 2792 573 2833 8822.

261 2857 344 2900 440
375 2864 512 2899 IVLIA
533 2864 783 2911 DRVSILLA
805 2860 880 2915 (sie
902 2860 1027 2914 plene
1048 2860 1164 2904 Suet.
1192 2860 1284 2905 Gal.
1305 2863 1375 2912 25,
1400 2864 1628 2916 praeterea
1656 2876 1804 2905 nomen
1832 2876 1916 2906 non
1935 2862 2060 2917 poni*

347 2927 431 2981 tur)
464 2925 513 2969 C.
542 2925 738 2968 Caesaris
769 2929 872 2984 imp.
898 2943 953 2970 ex
982 2928 1161 2972 Milonia
1194 2929 1405 2973 Caesonia
1433 2929 1543 2972 filia:
1575 2945 1625 2972 ea
1654 2936 1756 2973 nata
1784 2932 1984 2974 maritum
2014 2944 2061 2972 se

349 2993 587 3036 Caesoniae
610 2994 827 3049 professus
854 3003 917 3038 est
938 2995 986 3039 C.
1011 2996 1170 3039 Caesar
1191 2997 1308 3040 Suet.
1336 2996 1428 3040 Cal.
1448 3000 1507 3041 25
1515 3011 1528 3049 ,·
1557 3004 1659 3040 nata
1679 3005 1774 3055 post
1793 2998 2061 3052 trigesimum

347 3061 462 3104 diem
491 3062 739 3118 nuptiarum
761 3062 808 3106 C.
833 3063 1028 3106 Caesaris
1059 3071 1101 3107 et
1120 3065 1356 3108 Caesoniae
1376 3065 1464 3108 Dio
1482 3067 1549 3117 59,
1570 3068 1629 3109 28
1658 3066 1730 3121 (ef.
1753 3079 1838 3108 exc.
1865 3065 1915 3108 de
1941 3069 2058 3117 sent„

348 3130 435 3173 Dio
457 3129 518 3172 ed.
541 3129 736 3184 Dindorf
762 3131 802 3173 V
806 3145 853 3185 Ρ.
874 3131 984 3186 188),
1017 3134 1061 3174 in
1082 3132 1344 3189 Capitolium
1374 3140 1543 3189 portata
1573 3140 1615 3176 et
1634 3135 1727 3176 Iovi
1748 3134 2062 3191 Minervaeque

349 3198 645 3240 commendata
677 3198 790 3243 Suet.
823 3199 849 3243 l.
880 3213 927 3250 a,
960 3199 1047 3243 Dio
1079 3201 1104 3243 Z.
1133 3215 1165 3245 e.
1223 3202 1490 3245 Memoratur
1521 3202 1636 3246 Suet.
1671 3201 1762 3245 Gal.
1793 3205 1863 3246 42.
1926 3203 2062 3245 Periit

350 3267 493 3307 statim
524 3273 620 3322 post
650 3266 823 3308 caedem
855 3269 1009 3323 patris,
1050 3270 1204 3324 parieti
1235 3269 1346 3312 illisa
1377 3270 1493 3313 Suet.
1521 3269 1613 3315 Gal.
1634 3274 1713 3321 59;
1742 3269 1944 3325 Iosephus
1973 3274 2062 3314 ant.

352 3337 417 3385 19,
439 3337 482 3385 2,
502 3338 552 3386 4;
583 3334 700 3377 Plut.
721 3334 824 3377 Ant.
845 3338 903 3377 87
909 3348 923 3387 ;
952 3335 1039 3379 Dio
1060 3339 1126 3387 59,
1148 3341 1219 3381 29.
