2202 3724
254 304 546 340 OOLATINIVS
1100 298 1184 340 424
1766 305 2050 345 OCTAVIIJLA

337 434 461 488 1890)
485 449 531 488 12·
555 437 631 475 734
663 432 720 474 ad
748 447 789 474 n.
811 436 891 475 694
922 433 996 488 (ad
1024 437 1212 488 cctypum
1238 434 1504 489 yypsaceum)
1527 436 1580 489 cf.
1614 435 1899 490 Waddinyton
1923 437 2055 490 fastes

338 503 405 544 des
428 516 547 556 prov.
581 502 704 542 asiat.
731 515 772 542 n.
796 504 879 543 121
910 502 995 555 (hic
1026 505 1163 544 tamin
1192 503 1239 544 in
1267 502 1452 556 exemplo
1477 505 1610 546 musei
1630 503 1880 546 Britannici
1905 518 2056 546 nomen

335 569 606 624 proconsulis
636 568 735 622 leyit
767 600 804 611 ..
837 567 1037 620 ΚΑΠΛΑ,
1069 570 1274 624 supplevit
1301 570 1530 626 [Σ]κάπλα).

280 646 304 685 9
337 649 633 685 OCLATIvas
669 649 949 687 ADVENTVS.
1012 644 1086 686 Sic
1118 644 1212 687 VII
1234 648 1340 686 1003
1369 648 1407 687 et
1436 645 1523 689 cod.
1555 646 1675 695 lust„
1707 644 1935 688 Adventus
1965 645 2053 688 Dio

334 712 516 761 Herod.,·
546 711 592 752 in
622 711 840 753 consulatu
871 711 1108 758 Oclatinius
1141 712 1366 755 Adventus
1398 713 1466 755 VI
1483 717 1575 756 131.
1605 716 1697 756 367.
1732 716 1810 756 793
1840 712 1911 768 (=
1931 712 2057 756 XIV

333 782 478 834 2258),
516 778 710 821 similiter
739 781 845 833 fasti
878 780 1038 822 Gracci
1066 780 1221 823 codicis
1250 782 1536 824 Laurentiani
1565 780 1823 828 Ὀκλατιανὸς
1850 779 2054 838 Ἄλβεντος

333 848 405 888 sed
434 846 586 900 copula
615 848 878 902 interposita,
912 852 1125 902 tamquam
1152 849 1233 891 duo
1255 852 1411 901 essent,·
1441 849 1682 892 Oclatinius
1706 881 1830 892 .....
1853 848 1921 892 VI
1927 852 2050 900 2001,

334 916 441 956 alibi
469 915 707 958 Adventus,
756 916 822 969 Cf.
846 917 1095 971 Hirschfeld
1120 917 1248 960 Verum
1273 932 1318 972 Ρ.
1341 921 1442 961 232.
1490 917 1697 960 Militavit
1726 918 1911 974 primum
1940 917 2054 960 inter

333 983 621 1039 speculatores
663 985 723 1038 (ἐν
755 990 833 1031 τοῖς
866 986 1035 1032 ὃιόπταις
1066 988 1130 1028 καὶ
1161 985 1419 1042 ἐρευνηταῖς),
1457 992 1606 1041 postea
1645 985 1952 1028 frumentarius
1993 986 2052 1038 (ἐς

331 1057 419 1099 τοὺς
439 1053 796 1109 γραμματοφόρους
825 1053 1006 1107 τελέσας)
1037 1060 1078 1095 et
1109 1054 1308 1110 princeps
1340 1053 1586 1110 (πρόκριτοςς
1618 1053 1805 1095 traditur
1834 1052 2050 1109 πρόκοιτος,

330 1122 512 1162 correxit
554 1121 803 1175 Hirschfeld
847 1121 975 1164 Veris.
1003 1136 1051 1176 p.
1083 1125 1176 1172 194,
1209 1123 1257 1175 2)
1301 1123 1626 1178 peregrinorum
1675 1122 1748 1176 (cf.
1789 1120 2053 1175 Marquardt

335 1189 520 1231 Staatsv.
544 1189 685 1243 1122).
702 1192 784 1231 494
804 1192 888 1232 not.
905 1192 954 1239 3;
982 1189 1231 1243 Hirschfeld
1260 1189 1406 1232 Herm.
1434 1193 1540 1232 1889
1563 1203 1610 1243 p.
1632 1192 1712 1231 159
1739 1192 1826 1231 not.
1847 1190 1906 1244 1),
1937 1196 2051 1245 post-

332 1271 495 1298 remum
517 1257 571 1298 ad
592 1258 934 1313 procurationem
954 1265 1174 1313 promotus
1190 1256 1278 1300 Dio
1297 1260 1360 1307 78,
1379 1261 1444 1300 14.
1476 1258 1739 1299 Procurator
1759 1257 1803 1298 in
1825 1257 2051 1300 Britannia

331 1326 442 1366 inter
472 1339 606 1366 annos
637 1326 861 1368 205-207
895 1325 989 1368 VH
1008 1329 1129 1368 1003.
1188 1326 1436 1368 Praefectus
1467 1327 1682 1381 praetorio
1714 1325 1793 1367 sub
1826 1324 2050 1368 Caracalla

331 1408 416 1435 una
443 1408 539 1435 cum
572 1393 740 1449 Opellio
766 1394 960 1435 Macrino
992 1394 1078 1438 cod.
1112 1395 1218 1436 Iust.
1250 1397 1289 1444 9,
1311 1397 1377 1444 51,
1399 1397 1437 1444 1,
1464 1393 1623 1437 Herod.
1653 1397 1693 1444 4,
1724 1397 1794 1443 12,
1825 1397 1863 1437 1.
1922 1393 2050 1436 Hunc

330 1475 414 1503 csse
443 1463 578 1503 virum
610 1465 812 1515 provecta
851 1463 937 1503 iam
973 1465 1110 1504 aetate
1141 1463 1194 1504 ab
1225 1463 1478 1516 imperatore-
1510 1461 1576 1503 ad*
1593 1474 1799 1503 summam
1826 1462 2049 1504 stationem

325 1533 578 1584 promotum,
612 1531 683 1583 qui
702 1534 971 1581 memoratur,
1002 1545 1086 1572 non
1114 1531 1359 1572 nominatur
1388 1530 1434 1572 in
1464 1530 1602 1571 libello
1623 1530 1814 1572 [fuciano
1836 1529 2050 1584 adscripto

329 1598 376 1639 dc
414 1598 596 1641 macrob.
632 1602 668 1648 7,
710 1599 884 1640 coniecit
919 1598 1171 1652 Hirschfeld
1198 1598 1343 1640 Herm.
1375 1600 1485 1640 1889
1506 1612 1554 1652 p.
1576 1600 1670 1641 159.
1741 1597 2051 1640 consularibus

330 1667 592 1708 ornamentis
619 1666 802 1708 donatus
826 1666 913 1708 Dio
936 1669 1001 1716 78,
1028 1671 1095 1708 13.
1143 1667 1247 1708 Post
1268 1666 1444 1708 caedem
1467 1665 1727 1720 Caracassae,
1760 1667 1938 1722 imperio
1969 1665 2051 1708 sibi

329 1751 355 1776 a
384 1734 593 1776 militibus
625 1735 779 1789 oblato,
813 1735 867 1777 ob
899 1742 1081 1777 aetatem
1112 1741 1361 1791 provectam
1390 1749 1435 1776 se
1466 1741 1647 1777 excusat
1670 1734 1830 1776 Herod.
1859 1737 1899 1784 4,
1930 1737 1996 1785 14,
2026 1736 2053 1775 1

335 1803 436 1856 (sibi
478 1804 705 1858 imperium
737 1803 906 1857 deberi,
950 1803 1023 1844 sed
1067 1810 1244 1860 propter
1283 1809 1467 1845 aetatem
1502 1809 1750 1859 provectam
1781 1802 1976 1844 Macrino
2007 1815 2053 1844 se

328 1870 481 1913 cedere
521 1869 730 1924 gloriatus
771 1877 834 1912 est
863 1870 951 1913 Dio
984 1874 1047 1921 78,
1082 1873 1166 1926 14).
1234 1871 1275 1913 A
1305 1870 1499 1912 Macrino
1541 1871 1585 1912 in
1626 1877 1822 1912 senatum
1860 1869 2053 1912 adlectus

327 1937 416 1979 Dio
439 1938 464 1980 l«.
488 1952 520 1982 c.
577 1938 858 1981 Praefectura
888 1938 1006 1981 urbis
1039 1940 1076 1980 ei
1108 1938 1251 1980 delata
1284 1944 1325 1979 et
1354 1952 1455 1980 mox
1486 1937 1630 1980 ablata
1660 1937 1718 1979 ib.
1770 1936 2054 1980 Consulatum

327 2007 407 2048 init
437 2021 536 2048 cum
567 2006 762 2048 Macrino
793 2021 831 2047 a.
864 2007 946 2048 218
977 2006 1049 2056 ib„
1091 2007 1247 2048 retinet
1278 2006 1407 2047 ctiam
1439 2006 1518 2048 sub
1550 2004 1786 2060 Elagabalo
1817 2004 1905 2047 Dio
1938 2008 2004 2056 79,
2025 2007 2054 2047 8

326 2074 494 2128 (consul
525 2075 678 2116 iterum
707 2075 795 2116 III
818 2077 923 2116 6161
945 2078 1124 2129 propter
1155 2077 1403 2117 ornamenta
1433 2073 1676 2116 consularia
1707 2077 1835 2116 antea
1864 2076 2036 2128 accepta

325 2143 463 2184 minus
499 2146 715 2193 accurate,
749 2143 803 2196 cf.
831 2142 919 2186 Dio
949 2146 1013 2193 78,
1045 2143 1127 2197 13).
1159 2167 1213 2173 -
1242 2143 1322 2185 Vir
1351 2143 1414 2183 rei
1444 2141 1642 2184 militaris
1672 2142 1856 2198 peritus,
1898 2148 2053 2184 ceteraa

329 2211 447 2252 rudis
478 2211 637 2253 Herod.
668 2214 706 2261 4,
739 2215 808 2262 12,
841 2214 867 2253 1
898 2212 951 2265 cf.
981 2211 1070 2254 Dio
1102 2214 1170 2262 78,
1200 2215 1266 2254 14.
1294 2236 1347 2242 —
1378 2210 1579 2253 Eundem
1607 2223 1692 2253 esse
1717 2209 1956 2252 Adventum
1986 2210 2056 2252 cui

325 2278 371 2321 C.
403 2279 543 2321 Iulius
578 2279 752 2322 Solinus
793 2279 1001 2321 dedicavit
1035 2279 1290 2322 collectanea
1324 2293 1467 2322 rerum
1502 2278 1839 2321 memorabilium
1877 2279 2054 2321 coniecit

328 2347 583 2397 Dodwellus,
614 2347 688 2389 sed
717 2348 771 2401 cf.
796 2347 1034 2390 Mommsen
1059 2349 1106 2390 in
1136 2348 1315 2390 editione
1337 2346 1480 2390 Solini
1509 2346 1646 2389 altera
1676 2348 1817 2403 (1895)
1836 2360 1883 2400 p.
1908 2346 1953 2389 V.
1980 2345 2052 2389 VI.
2097 2357 2102 2361 ’

254 2440 301 2445 ——
330 2423 373 2457 L.
406 2422 611 2458 LVSCIVS
643 2422 822 2460 OCREA.

249 2486 299 2526 10
330 2484 600 2537 Octavenus,
643 2485 748 2526 iuris
787 2491 939 2526 auctor
978 2483 1128 2527 Valens
1157 2483 1260 2538 Diy.
1294 2486 1362 2535 36,
1399 2487 1437 2535 1,
1475 2486 1526 2526 69
1556 2496 1654 2538 pr.,·
1693 2482 1952 2537 Pomponius
1983 2497 2052 2538 ap.

335 2551 570 2605 Ulpianum
599 2551 700 2606 Diy.
731 2555 770 2602 5,
801 2555 840 2602 3,
871 2555 924 2594 16
945 2566 1018 2606 pr.
1050 2555 1089 2594 et
1119 2551 1249 2603 alibi,·
1277 2551 1443 2593 Paulus
1471 2550 1572 2606 Diy.
1605 2554 1649 2602 2,
1675 2554 1713 2601 1,
1740 2554 1767 2594 9
1796 2554 1836 2593 et
1863 2551 2056 2605 saepiu&

333 2619 545 2672 Ulpianus
577 2619 676 2674 Diy.
707 2623 746 2670 5,
768 2624 806 2670 3,
829 2623 883 2662 18
902 2635 975 2674 pr.
1008 2623 1047 2662 et
1071 2621 1241 2674 saepius
1261 2619 1420 2671 (omnes
1443 2620 1532 2662 eius
1551 2621 1599 2662 in
1618 2619 1808 2673 Diyestis
1826 2620 2054 2662 mentiones

330 2687 494 2741 colleyit
531 2688 661 2730 Lcncl
692 2688 859 2742 paliny.
904 2689 1010 2729 iuris
1049 2689 1124 2730 civ.
1155 2689 1189 2730 I
1212 2702 1261 2742 1).
1292 2688 1413 2742 794)‚·
1457 2689 1512 2741 fr.
1544 2687 1712 2731 Dosith.
1743 2691 1813 2730 12.
1884 2687 2058 2730 Videtur

328 2755 480 2796 vixisse
521 2756 774 2808 temporibus
803 2755 1046 2798 Domitiani
1085 2759 1124 2797 ct
1164 2756 1361 2806 Traiani,
1404 2756 1458 2809 cf.
1490 2755 1701 2798 Karlowa
1729 2754 1853 2797 Ro‘m.
1881 2754 2056 2798 Rechts·
2110 2809 2114 2812 ¹

327 2822 559 2877 yeschichtc
589 2824 622 2864 I
639 2838 688 2877 p.
709 2827 806 2867 702.

252 2894 296 2933 ll
333 2891 384 2934 Τ.
416 2890 663 2933 Octavenus
696 2893 856 2936 Gratus
889 2891 1031 2946 te9ula
1060 2892 1231 2934 urbana
1262 2906 1301 2935 a.
1332 2894 1427 2942 123,
1462 2889 1572 2934 CIL.
1603 2890 1702 2934 XV
1721 2894 1814 2935 464.

250 2961 300 3001 12
332 2960 615 3014 Octavianus,
658 2967 913 3016 procurator
943 2963 971 3002 t.
1001 2959 1367 3014 Carthayiniensis
1394 2962 1442 3001 ut
1470 2959 1647 3010 videtu-r,
1675 2963 1783 3002 certe
1801 2959 2053 3013 Africanus,

334 3042 403 3081 ap.
439 3026 720 3081 Villefossium
753 3028 851 3072 bull.
885 3029 954 3071 des
986 3029 1247 3082 antiquaires
1278 3027 1327 3069 dc
1355 3027 1403 3069 F
1399 3041 1527 3070 rance
1556 3030 1670 3071 1892
1692 3043 1738 3081 p.
1760 3031 1857 3071 214.

247 3171 301 3176 —-
331 3147 391 3189 M.
420 3145 644 3190 Cornelius
675 3147 957 3190 Octavianus.

246 3239 303 3244 -
332 3222 374 3256 L.
406 3215 656 3270 FLAV(1VS)
690 3222 952 3258 SEPTIMIVS
983 3221 1116 3257 APER
1144 3221 1472 3273 OCTAVIANYS.

246 3307 303 3312 ——
334 3289 374 3327 C.
406 3289 586 3326 FVRIVS
617 3289 946 3326 OCTAVIANVS.

247 3376 303 3381 —
333 3351 555 3406 FL(Av1A)
587 3358 811 3394 NERATIA
843 3352 1117 3406 SEPTIM(1A)
1150 3358 1446 3395 oo'rAvlLLA.
