2202 3724
139 291 332 328 L101N1A
1002 283 1084 326 287
1754 288 1945 323 LICINIA

224 436 309 466 esse
339 421 517 464 ostendit
546 424 574 465 t.
596 421 836 475 Africanus
867 421 988 463 VIII
1000 423 1129 464 2482.
1173 419 1337 463 Consul
1367 421 1522 462 iterum
1553 419 1644 462 ord.
1675 434 1714 463 a.
1735 419 1819 461 254
1849 433 1947 460 cum

222 489 421 535 Gallieno
458 488 568 543 filio,
614 489 762 532 consul
793 490 860 532 III
900 504 938 532 a.
970 490 1053 531 255
1094 503 1189 531 cum
1223 487 1422 532 Gallieno
1453 488 1517 543 Π,
1560 494 1763 544 quartum
1792 502 1832 530 a.
1863 486 1945 530 257

224 572 321 600 cum
332 557 531 602 Gallieno
548 559 615 601 III
627 559 742 612 fasti.
774 558 895 601 Bello
912 573 1011 600 cum
1027 558 1170 600 Persis
1187 558 1413 600 commisso
1428 558 1473 599 in
1488 563 1743 613 potestatem
1759 555 1946 598 hostium

224 627 421 684 pervenit
446 628 642 670 Lactant.
666 627 714 670 de
737 631 859 669 mort.
884 641 998 681 pers.
1023 630 1062 677 5,
1095 627 1264 683 imperii
1295 641 1409 668 anno
1441 632 1563 669 sexto
1594 626 1698 669 Vict.
1726 624 1845 668 Caes.
1866 627 1926 667 32
1935 638 1949 676 ;

222 697 293 738 vit.
317 695 503 739 Gallien.
524 700 593 746 21,
615 699 653 746 5,
677 710 775 738 cum
795 702 958 752 septem
980 710 1115 737 annos
1136 702 1361 750 regnasset
1391 695 1532 737 Victor
1552 695 1648 749 cpit.
1670 698 1740 736 33.
1780 693 1949 737 Ezctant

223 765 384 807 nummi
410 764 629 807 Valeriani
657 765 748 806 cusi
775 763 1067 806 Alexandriae
1104 778 1215 810 anno
1255 765 1343 806 eius
1371 765 1547 818 septimo
1576 763 1794 818 permulti,
1835 776 1947 805 anno

223 836 390 884 octavo,
429 832 537 876 idest
565 836 665 887 post
701 833 741 875 d.
769 835 827 876 29
859 833 971 886 Auy.
1001 835 1100 882 260,
1134 833 1270 886 pauci
1306 832 1380 874 secl
1418 833 1522 874 certi
1551 831 1813 884 (Feuarclent
1854 830 1946 873 coll.

224 901 439 944 Demetrio
461 916 509 956 p.
530 904 619 944 233
647 915 689 944 n.
708 904 832 943 3000.
863 901 1002 954 3001).
1052 901 1157 943 Kal.
1181 901 1404 942 Ianuariis
1435 901 1541 942 anni
1558 903 1642 943 261
1674 899 1947 942 Valerianum

227 985 255 1012 a
283 971 372 1012 suis
400 970 487 1012 iam
517 969 759 1012 derelictum
788 971 917 1023 fuisse
948 973 1128 1023 apparet
1158 983 1209 1011 esc
1238 984 1284 1011 eo
1304 969 1416 1023 quod
1439 983 1484 1011 eo
1515 972 1697 1023 tempore
1724 967 1949 1011 Gallienus

225 1052 317 1080 cum
338 1039 513 1092 privato
542 1038 707 1080 homine
737 1038 880 1080 consul
901 1038 1123 1092 processit.
1174 1038 1223 1079 In
1256 1038 1466 1079 servitute
1496 1037 1722 1079 consenuit
1753 1035 1802 1078 de
1824 1038 1946 1077 mort.

225 1119 341 1161 pers.
363 1109 414 1157 5,·
442 1106 623 1160 Eutrop.
645 1109 685 1156 9,
708 1109 736 1148 7
744 1119 757 1157 ,·
797 1106 939 1148 Victor
969 1107 1066 1160 cpit.
1087 1109 1171 1156 32‚·
1198 1106 1304 1159 Rus.
1330 1105 1484 1148 Festus
1507 1109 1580 1149 23.
1635 1106 1737 1147 Post
1766 1110 1948 1146 mortem

225 1175 264 1216 ei
285 1174 455 1231 direpta
475 1175 586 1217 cutis
606 1174 655 1217 de
676 1178 797 1218 mort.
811 1188 927 1229 pers.
947 1175 973 1216 l.
990 1188 1023 1218 c.
1055 1174 1201 1216 Foede
1221 1173 1408 1216 laniatus
1430 1174 1592 1215 interiit
1611 1173 1714 1215 Vict.
1733 1172 1850 1215 Caes.
1867 1175 1949 1223 32,-

226 1242 436 1286 Cedrenus
464 1244 498 1286 I
521 1258 569 1298 p.
600 1245 680 1286 454
708 1243 848 1286 Bonn.
909 1242 1089 1286 Occisus
1130 1244 1172 1284 in
1215 1243 1343 1299 Syria
1383 1242 1510 1285 catal.
1541 1244 1843 1296 imperatorum
1879 1254 1948 1294 ap.

225 1311 588 1366 chronoyraphum
618 1313 724 1354 anni
750 1314 842 1355 354.
889 1311 1071 1354 Occisus
1092 1310 1327 1354 Mediolani
1351 1311 1547 1353 Malalas
1565 1311 1672 1352 XII
1685 1324 1733 1364 p.
1754 1312 1820 1359 98,
1854 1322 1949 1350 con-

224 1379 406 1434 fitndens
443 1394 535 1422 eum
575 1393 668 1422 eum
705 1379 918 1422 Gallieno.
988 1379 1126 1421 Periit
1169 1386 1310 1421 aetate
1347 1379 1592 1421 robustiore
1633 1378 1775 1420 Victor
1814 1377 1947 1426 Caes„

225 1462 437 1490 annorum
468 1448 575 1491 LXI
599 1448 797 1491 Malalas
825 1448 914 1504 (rim
943 1451 1064 1499 recte,
1094 1449 1149 1502 cf.
1179 1450 1342 1504 supra).
1370 1473 1425 1477 —
1453 1448 1627 1491 Uxores
1658 1446 1809 1489 habuit
1838 1459 1949 1487 com-

226 1515 371 1573 plures
399 1516 471 1559 vit.
504 1516 717 1560 Valerian.
747 1519 788 1567 8,
820 1520 868 1567 1;
908 1531 997 1558 una
1024 1531 1074 1559 ecc
1103 1516 1169 1558 leis
1198 1515 1476 1558 Mariniana?
1518 1517 1572 1570 cf.
1604 1516 1680 1558 sub
1711 1514 1816 1566 hac‚·
1845 1514 1950 1569 filii:

226 1584 450 1629 Gallienus
482 1583 631 1640 (supra
658 1599 699 1627 n.
721 1584 817 1639 135)
847 1592 891 1627 et
918 1584 1179 1627 Valerianus
1211 1583 1269 1637 (n.
1291 1584 1402 1638 177).

144 1654 224 1696 179
254 1659 447 1695 LICINIA
475 1654 527 1696 L.
558 1653 601 1707 f.,
633 1652 778 1696 Caesii
809 1653 950 1708 Longi
981 1653 1129 1707 (uxor)
1161 1653 1229 1695 VI
1250 1656 1374 1697 1442.

143 1722 226 1765 180
255 1723 427 1765 Licinia
456 1722 596 1776 Axia,
634 1722 724 1765 filia
758 1723 809 1765 T.
839 1722 998 1764 Licinii
1030 1722 1246 1765 Hieroclis
1276 1722 1486 1779 praesidis
1516 1722 1814 1764 Mauretaniae
1845 1719 1950 1763 Cae-

227 1791 429 1833 sariensis
460 1806 498 1833 a.
521 1791 603 1834 227
636 1790 709 1845 (cf.
739 1791 816 1833 sub
839 1793 1000 1848 patre).

143 1859 222 1902 181
255 1865 447 1901 LICINIA
479 1865 734 1901 CORNELIA
763 1865 981 1901 VOLVSIA
1011 1865 1280 1910 TORQVATA
1309 1859 1368 1903 M.
1388 1859 1418 1903 f.
1451 1859 1529 1914 (M.
1552 1859 1579 1901 f.
1604 1862 1704 1914 post
1731 1857 1953 1901 Corneliae

225 1942 374 1970 nomen
405 1927 635 1970 collocatur
665 1929 711 1970 in
741 1928 802 1982 t.),
835 1928 886 1972 L.
907 1927 1061 1970 Volusi
1093 1928 1292 1982 consulis,
1326 1928 1502 1983 auguris
1534 1928 1681 1981 (uxor)
1708 1930 1736 1969 t.
1760 1927 1952 1968 urbanus

226 1996 342 2038 Bull.
367 1995 462 2039 dell'
482 1996 588 2038 Inst.
620 1999 730 2039 1885
751 2011 800 2050 Ρ.
821 1999 892 2039 25.
954 1996 1170 2039 Maritum
1199 1997 1250 2039 L.
1284 1996 1498 2039 Volusium
1530 1996 1824 2039 Stevensonius
1852 1994 1951 2038 bull.

228 2064 322 2107 dell'
352 2065 460 2109 Inst.
489 2065 516 2107 l.
547 2078 582 2107 c.
610 2065 736 2107 habet
765 2079 850 2119 pro
888 2065 1054 2107 consule
1086 2080 1126 2107 a.
1146 2080 1193 2119 Ρ.
1218 2064 1264 2109 C.
1285 2068 1325 2107 3.
1375 2064 1542 2107 Eadem
1580 2064 1713 2119 iyitur
1753 2062 1954 2107 Cornelia

228 2133 278 2176 L.
310 2131 462 2175 Volusi
502 2133 571 2176 VI
594 2136 705 2176 7387
733 2135 786 2188 cf.
818 2149 867 2189 Ρ.
898 2137 1028 2184 1043,
1071 2133 1275 2177 Cornelia
1312 2133 1564 2190 Scipionum
1598 2134 1740 2189 gentis
1781 2132 1830 2174 de
1869 2145 1954 2185 qua

228 2200 346 2244 Plin.
374 2201 414 2244 lv..
446 2216 488 2244 n.
522 2205 561 2252 7,
592 2205 661 2246 62.
729 2202 915 2246 Diversa
946 2202 1150 2245 Cornelia
1179 2203 1231 2245 L.
1265 2202 1292 2247 f.
1304 2236 1314 2257 ,
1358 2203 1505 2256 (uxor)
1539 2201 1695 2245 Volusi
1730 2200 1953 2244 Saturnini

227 2269 506 2326 p[ontificis?]
538 2270 638 2314 bull.
672 2285 773 2314 com.
804 2274 915 2314 1887
936 2286 984 2326 Ρ.
1007 2274 1094 2314 182
1121 2286 1163 2315 n.
1189 2274 1309 2314 1915.

144 2339 226 2381 182
256 2338 428 2380 Licinia
465 2338 687 2381 Hieroclia
723 2339 814 2382 filia
856 2340 907 2382 T.
947 2340 1105 2382 Licinii
1146 2339 1361 2382 Hieroclis
1404 2338 1614 2396 praesidis
1657 2338 1955 2380 Mauretaniae

230 2405 524 2449 Caesariensis
555 2422 593 2450 a.
615 2408 699 2451 227
731 2409 803 2463 (cf.
833 2409 909 2451 sub
934 2411 1093 2465 patre).

147 2475 228 2518 183
260 2475 482 2530 [LICINIA]
525 2482 783 2518 GALLIENA
824 2475 989 2528 (nomen
1027 2476 1288 2532 yentilicium
1326 2490 1411 2519 non
1451 2475 1654 2530 traditur)
1698 2475 1956 2517 consobrina

231 2542 443 2599 Gallieni,
473 2559 552 2601 per
577 2558 672 2587 eam
694 2544 858 2598 Celsus,
881 2546 955 2601 qui
987 2546 1030 2586 in
1052 2545 1204 2587 Africa
1226 2546 1458 2601 imperator
1478 2544 1616 2586 factus
1638 2550 1742 2598 erat,
1775 2543 1954 2599 septimo

232 2612 301 2655 die
321 2613 491 2669 imperii
512 2613 795 2669 interemptus
818 2614 914 2668 tre'y.
942 2617 1021 2668 tyr.
1043 2616 1114 2664 29,
1134 2616 1162 2655 3
1182 2610 1397 2665 (narratio
1415 2614 1642 2668 suspecta).
1657 2636 1715 2641 —
1730 2610 1956 2655 Gallienae

231 2681 456 2736 Augustae
496 2680 756 2736 adscriptum
794 2682 840 2724 in
880 2683 1062 2724 nummis
1097 2682 1240 2724 aurcis
1270 2682 1355 2737 (ap.
1387 2681 1549 2723 Eclchel
1579 2684 1606 2722 7
1623 2695 1673 2735 Ρ.
1694 2683 1786 2730 411,
1819 2677 1958 2721 Coleen

233 2750 294 2793 ed.
316 2754 342 2792 1
361 2749 439 2794 vol.
460 2749 495 2792 Ι
499 2749 541 2792 V
544 2764 592 2804 p.
612 2753 694 2792 416
721 2764 763 2795 n.
782 2753 876 2800 545,
898 2765 948 2804 Ρ.
970 2753 1057 2793 426
1085 2764 1127 2792 n.
1151 2753 1230 2792 616
1251 2770 1306 2785 =
1326 2749 1387 2793 ed.
1410 2753 1442 2792 2
1459 2749 1539 2793 vol.
1565 2749 1656 2803 Vp.
1673 2751 1754 2790 439
1774 2761 1816 2790 n.
1835 2748 1954 2795 1015,

232 2834 280 2874 Ρ.
300 2820 353 2861 45
381 2832 424 2862 n.
444 2821 569 2875 1157)
600 2818 673 2861 scd
701 2818 760 2860 ad
787 2819 1014 2873 imayinem
1041 2818 1235 2861 Gallieni
1242 2832 1255 2869 ;
1294 2819 1443 2872 quibus
1480 2818 1661 2860 nummis
1699 2815 1801 2870 quid
1827 2815 1957 2868 siqni-

233 2887 402 2942 βοείην,
443 2887 664 2929 obscurum
701 2885 773 2941 (ef.
803 2887 965 2929 Eclcltel
995 2887 1021 2931 l.
1052 2890 1117 2943 c.).
1157 2912 1213 2916 —
1251 2887 1391 2930 Licin.
1423 2885 1624 2930 Galliena
1652 2885 1767 2939 Aug.
1797 2883 1958 2925 nummi

235 2955 462 3010 excoyitati
491 2969 518 2997 a
548 2954 717 2998 Goltzio
748 2955 931 3010 (Eelrhel
961 2955 987 2998 l.
1019 2958 1086 3013 c.).

150 3023 233 3066 184
264 3023 489 3078 [LICINI]A
517 3030 619 3066 MA.
638 3056 648 3066 .
667 3056 677 3066 .
708 3024 760 3068 L.
790 3024 842 3079 f.,
884 3039 1006 3066 soror
1034 3023 1216 3066 fortasse
1244 3024 1436 3066 Liciniae
1472 3023 1598 3066 Caesi
1632 3022 1773 3076 Longi
1809 3021 1956 3076 (supra

233 3105 276 3134 n.
298 3091 392 3141 179)
422 3091 490 3134 VI
503 3095 626 3136 1442.

154 3161 233 3203 185
263 3165 456 3202 LICINIA
494 3166 671 3202 MAGNA
714 3159 861 3203 Crassi
903 3161 1039 3215 Frugi
1079 3161 1292 3217 pontificis
1332 3159 1396 3212 (id
1430 3163 1489 3202 est
1520 3159 1586 3202 Μ
1622 3158 1784 3200 Licinii
1809 3156 1959 3198 Crassi

236 3227 379 3282 Fruqi
407 3228 588 3270 consulis
618 3243 658 3272 a.
673 3243 720 3282 p.
744 3228 791 3272 C.
811 3232 873 3272 27
898 3230 953 3283 cf.
973 3243 1105 3283 supra
1135 3242 1178 3271 n.
1201 3231 1298 3284 130)
1328 3227 1429 3282 filia,
1462 3229 1511 3271 L.
1544 3227 1713 3269 Pisonis
1743 3224 1958 3281 pontificis

237 3297 437 3352 (fortasse
468 3297 519 3338 L.
549 3295 778 3350 Calpurnii
805 3296 977 3339 Pisonis
1007 3297 1189 3339 consulis
1220 3311 1258 3338 a.
1280 3300 1338 3339 57
1365 3297 1419 3350 ef.
1454 3296 1689 3338 Mommsen
1719 3292 1808 3349 eple.
1839 3306 1902 3346 ep.
1933 3294 1957 3332 1

237 3379 287 3419 p.
310 3367 409 3420 148)
441 3379 553 3406 uxor
584 3363 651 3407 VI
673 3367 779 3407 1445
809 3366 855 3420 (t.
886 3365 1134 3420 sepulcralis
1164 3366 1283 3419 eius).
