2190 3724
147 270 423 308 HELVIDIVS
1017 262 1095 304 131
1751 266 1969 302 HELVIVS

216 401 269 446 Ἰ
275 403 323 446 Χ
349 407 463 446 2999
503 402 703 454 (honores
747 402 892 444 omissi
930 413 1016 443 esse
1046 402 1226 455 possunt
1264 398 1375 453 quod
1412 401 1600 441 mortuus
1639 402 1699 441 est
1737 399 1783 440 in
1812 399 1969 455 maio),

239 475 349 515 certe
378 486 429 514 ex
462 470 604 513 eadem
633 471 778 525 stirpe.

155 542 210 584 40
241 541 288 584 C.
311 539 543 582 Helvidius
573 538 748 581 Priscus
780 538 943 580 arbiter
974 552 1028 579 ex
1059 537 1352 593 conpromisso
1382 537 1496 578 inter
1526 542 1715 578 actorem
1745 537 1970 592 municipii

240 609 585 652 Histoniensium
627 614 669 649 et
707 613 1030 664 procuratorem
1062 605 1115 658 Q.
1147 604 1265 647 Tillii
1301 604 1419 648 Sassi
1461 604 1541 646 IX
1566 607 1697 647 2827.
1758 604 1973 647 Incertum

240 691 342 720 num
370 677 479 719 idem
509 677 583 730 qui
603 676 837 731 praeeedit.

154 747 204 789 41
240 746 288 790 P.
311 745 542 787 Helvidius
562 745 738 787 Priscus
758 746 942 787 maritus
964 743 1160 785 Plautiae
1183 741 1470 796 Quinctiliae3
1502 742 1540 783 ei
1560 741 1735 783 videtur
1756 748 1973 797 superstes

240 814 386 868 fuisse,
420 813 495 855 sed
524 820 673 869 postea
701 812 850 854 eodem
880 811 974 854 loco
1006 811 1210 854 humatus
1239 814 1267 853 t.
1299 811 1398 865 ayri
1420 810 1693 852 Praenestini
1711 809 1791 852 XI
1796 809 1972 854 V2845.

240 883 327 926 Hic
365 896 524 936 quoque
555 885 697 936 potest
735 881 918 936 eoyitari
956 880 1005 922 de
1035 883 1238 933 praetore
1279 880 1384 921 (enni
1413 882 1490 930 70,·
1530 878 1714 921 Plautia
1741 878 1972 932 Quinctilia

244 954 386 1006 potest
416 964 502 993 esse
524 951 653 1005 prior
682 950 770 992 eius
798 963 919 999 umor,
951 962 1078 1002 quam
1110 951 1207 990 ante
1237 947 1458 990 Fanniam
1489 947 1620 991 duent.

160 1046 210 1051 —
246 1028 291 1062 L.
323 1018 613 1072 VALOERIVS)
642 1024 916 1059 HELVIDIVS
947 1023 1149 1059 PRISCVS
1182 1017 1506 1071 [P]OBLICOLA.

159 1091 214 1132 42
245 1094 524 1130 HELVIDIAE
567 1102 756 1139 sorores,
798 1086 992 1128 Helvidii
1033 1085 1168 1139 filiae,
1212 1085 1405 1127 Helvidii
1437 1085 1575 1127 Prisci
1612 1085 1824 1141 praetoris
1853 1100 1891 1126 a.
1921 1084 1974 1127 70

245 1164 407 1214 neptes,
440 1163 623 1213 pereunt
651 1156 790 1212 primo
821 1156 866 1196 in
894 1155 1012 1208 flore,
1045 1161 1230 1210 utraque
1251 1169 1275 1196 a
1301 1161 1442 1210 partu,
1475 1160 1658 1210 utraque
1688 1152 1821 1195 filiam
1846 1153 1976 1195 enixa

247 1226 367 1268 Ple‘n.
399 1241 460 1280 ep·
490 1229 530 1276 4,
560 1229 631 1269 21.
691 1224 884 1267 Alterius
924 1238 1071 1265 earum
1111 1229 1229 1265 tutor
1259 1222 1479 1265 Cornutus
1509 1221 1729 1264 Tertullus
1759 1221 1880 1264 Plv'n.
1912 1237 1974 1276 ep.

246 1299 284 1345 9,
317 1298 382 1345 13,
412 1298 476 1336 16.

163 1388 215 1393 —
250 1369 516 1404 HERENNIA
545 1367 793 1404 HELVIDIA
822 1366 1124 1402 AEMILIANA.

161 1433 216 1475 43
246 1431 454 1474 Helvidia
479 1429 678 1473 Priscilla
706 1429 755 1472 O.
777 1429 820 1483 f.,
849 1444 962 1471 uxor
986 1428 1045 1472 M.
1073 1428 1210 1470 Vettii
1238 1427 1432 1469 Marcelli
1459 1428 1552 1483 (qui
1574 1428 1685 1470 vixit
1710 1427 1976 1484 temporibus

247 1500 451 1552 Neronis)
482 1499 772 1556 procuratoris
808 1498 1106 1552 Augustorum
1135 1496 1217 1539 IX
1243 1499 1366 1538 3019.
1429 1495 1576 1538 Potest
1605 1496 1737 1549 fuisse
1765 1495 1829 1538 vel
1857 1509 1978 1538 soror

247 1569 310 1611 ¹rel
340 1570 475 1611 ann'ta
504 1567 696 1611 Helvidii
725 1567 868 1609 Prisci
887 1566 1107 1620 praetoris
1137 1580 1177 1607 a.
1202 1569 1266 1609 70.
1292 1589 1343 1594 —
1366 1563 1470 1607 Ilias
1491 1563 1723 1606 Helvidiae
1754 1563 1977 1607 Priscillae

247 1637 449 1680 delicium
485 1637 554 1679 VI
573 1639 722 1679 19673.
792 1635 1075 1690 Siynv'fieatur
1112 1634 1261 1688 potius
1303 1648 1391 1675 una
1436 1647 1487 1676 ex
1529 1634 1724 1687 neptibus
1759 1633 1977 1688 praetoris

249 1707 354 1749 anni
384 1710 436 1748 70
466 1720 592 1760 quam
621 1705 735 1749 haec.

163 1822 218 1863 44
248 1822 308 1864 M.
340 1821 524 1863 Helvius
554 1835 581 1862 a
610 1819 792 1862 Claudio
834 1819 1000 1860 occisus
1037 1819 1150 1860 inter
1188 1818 1382 1860 conscios
1422 1817 1673 1874 nuptiarum
1702 1815 1976 1858 Messallinae

249 1898 292 1933 et
322 1889 416 1933 Silii
449 1890 611 1932 Seneca
642 1902 761 1943 apoc.
781 1891 846 1931 13.

162 1960 217 2002 45
247 1966 292 2003 L.
323 1965 541 2001 HELVIVS
581 1964 819 2011 AGRIPPA,
860 1955 1093 2013 proconsul
1134 1955 1362 1999 Sardiniae
1401 1971 1439 1997 a.
1469 1954 1598 1998 68s69
1642 1953 1849 1996 decretum
1888 1953 1978 1995 eius

125 2038 137 2040 ⁷
249 2027 288 2070 d.
320 2030 374 2070 18
405 2027 543 2071 Mart.
573 2030 627 2069 69
657 2026 817 2080 factum
847 2025 895 2067 X
922 2027 1044 2068 7852.
1104 2024 1228 2067 Idem
1267 2030 1316 2066 ut
1354 2023 1529 2066 videtur
1563 2021 1749 2065 Helvius
1778 2021 1977 2078 Agrippa

249 2096 468 2152 pontifex,
511 2095 591 2138 sub
624 2095 881 2155 „Domitiano
926 2108 1027 2136 cum
1071 2093 1296 2150 pontifices
1342 2092 1395 2135 de
1437 2091 1683 2147 virginibus
1727 2090 1976 2133 Vestalibus

182 2219 184 2221 .
249 2171 570 2220 cognoscerent,
603 2170 780 2220 repente
811 2163 1084 2205 exanimatus
1113 2161 1202 2204 Dio
1231 2165 1296 2212 67,
1322 2165 1361 2204 3.

164 2259 214 2263 —
246 2240 299 2278 M.
331 2239 570 2275 ACCENNA
600 2238 818 2274 HELVIVS
849 2237 1080 2272 AGRIPPA.

161 2303 216 2344 46
247 2309 290 2346 T.
311 2307 530 2343 HELVIVS
552 2307 733 2342 BASILA
754 2300 806 2342 T.
828 2300 872 2353 f.,
904 2298 1066 2352 aedilis,
1100 2305 1285 2355 praetor,
1319 2297 1561 2354 proconsul,
1590 2297 1756 2352 legatus
1778 2297 1977 2340 Caesaris

246 2371 436 2425 Augusti
458 2370 572 2412 tituli
591 2369 791 2411 Atinates
809 2368 857 2410 X
873 2371 994 2411 5056.
1014 2370 1137 2410 5057.
1188 2367 1365 2410 Summa
1384 2365 1638 2409 Atinatibus
1666 2366 1723 2409 ab
1755 2380 1805 2407 eo
1834 2364 1977 2420 legata

245 2439 294 2481 X
318 2442 440 2482 5056.
499 2439 632 2480 Pater
661 2436 845 2479 Helviae
878 2435 1086 2479 Proculae
1115 2436 1163 2478 X
1187 2438 1310 2478 5056.
1338 2438 1460 2479 5086.

161 2508 215 2550 47
246 2515 299 2550 Μ.
331 2513 547 2549 HELVIVS
580 2512 815 2548 CLEMENS
848 2511 1172 2547 DEXTRIANVS
1211 2504 1378 2559 legatus
1409 2505 1587 2546 Raetiae
1628 2502 1707 2545 Sub
1742 2503 1892 2545 Blareo
1935 2510 1976 2544 et

247 2576 495 2631 Commodo,
527 2591 565 2618 a.
598 2582 647 2617 ut
675 2574 851 2617 videtur
883 2574 965 2617 179
998 2574 1060 2616 tit.
1084 2573 1337 2628 Reqinensis
1366 2573 1457 2627 eph.
1488 2587 1551 2626 ep.
1574 2572 1662 2614 III
1684 2575 1804 2614 1001.

161 2646 215 2687 48
243 2652 296 2689 M.
327 2650 545 2686 HELVIVS
579 2649 803 2686 GEMINVS
835 2643 887 2685 L.
919 2642 961 2697 f.,
994 2642 1112 2684 tribu
1142 2641 1259 2695 Fal.;
1295 2642 1499 2683 triumvir
1529 2655 1628 2683 aere
1659 2647 1836 2695 argento
1867 2655 1973 2682 auro

245 2713 389 2756 flando
420 2713 631 2767 feriundo,
661 2711 858 2754 tribunus
889 2710 1075 2753 militum
1103 2710 1284 2766 legionis
1305 2710 1416 2752 XVI
1437 2711 1481 2751 in
1503 2709 1749 2763 Germania,
1773 2714 1976 2765 quaestor

245 2782 456 2836 Caesaris,
488 2788 673 2838 praetor,
705 2780 874 2835 legatus
895 2779 1177 2822 Macedoniae
1208 2794 1286 2835 pro
1309 2785 1522 2835 praetore,
1552 2777 1720 2833 legatus
1740 2777 1871 2820 Asiae
1896 2792 1972 2832 pro

245 2867 332 2908 pr.3
354 2850 546 2892 adlectus
567 2865 593 2892 a
614 2849 796 2892 Claudio
819 2849 960 2903 (a.48)
984 2849 1096 2890 inter
1117 2849 1320 2904 patricios
1333 2845 1533 2901 (fortasse
1554 2850 1777 2900 antequam
1798 2846 1974 2888 honores

244 2922 487 2974 capesseret,
511 2921 618 2960 certe
640 2921 737 2960 ante
760 2920 1025 2971 gustetur-am,
1052 2931 1144 2958 eum
1166 2916 1224 2958 ad
1242 2931 1335 2958 eam
1346 2916 1586 2970 pervenerit
1603 2929 1733 2969 neque
1754 2915 1973 2956 tribunatu

243 3002 372 3043 neque
407 2986 623 3030 aed-[litate
657 2987 855 3040 functus),
893 2984 1026 3027 salius
1056 2984 1281 3027 Palatinus
1323 2984 1471 3026 titulus
1500 2983 1712 3038 Ephesius
1740 2983 1829 3025 III
1850 2986 1969 3026 6074.

120 3106 131 3109 ,
158 3059 213 3100 49
244 3065 285 3099 Ρ.
316 3062 533 3098 HELVIVS
566 3060 822 3097 PERTINAX
852 3074 908 3088 Ξ
938 3061 1039 3098 ΙΜΡ.
1073 3060 1212 3095 CAES.
1249 3060 1290 3097 P.
1322 3059 1540 3094 HELVIVS
1573 3058 1826 3093 PERTINAX
1856 3058 1968 3092 AVG.

244 3123 466 3169 Oriundus
487 3139 543 3166 ex
563 3123 721 3180 oppido
743 3123 948 3178 Liguriae
969 3121 1084 3164 Alba
1104 3122 1311 3178 Pompeia
1325 3121 1414 3164 Dio
1431 3124 1494 3171 73,
1517 3123 1557 3170 3,
1581 3127 1708 3162 natus
1730 3121 1773 3161 in
1794 3119 1968 3175 Appen-

245 3194 344 3235 nino
377 3194 421 3235 in
451 3191 555 3234 villa
584 3193 734 3234 matris
763 3192 834 3233 vit.
857 3191 973 3235 Pert.
994 3195 1034 3242 1,
1056 3195 1099 3242 2,
1132 3198 1258 3232 natus
1288 3189 1403 3246 apud
1425 3190 1609 3244 Ligures
1635 3189 1678 3229 in
1709 3202 1813 3242 agro
1845 3203 1967 3243 squa-

241 3262 329 3304 lido
355 3260 572 3316 Lolli[an]i
595 3261 799 3306 Gentiani
832 3259 974 3302 Victor
993 3260 1088 3314 epit.
1112 3262 1177 3309 18,
1211 3259 1251 3302 (l.
1279 3260 1293 3300 1
1324 3259 1437 3313 Aug.
1473 3259 1540 3299 rit.
1564 3260 1625 3310 15,
1649 3260 1686 3309 6,
1718 3255 1968 3298 Phe'localus

239 3331 353 3375 CIL.
384 3330 418 3374 I
438 3345 482 3386 Ρ.
500 3332 593 3381 356,
623 3345 660 3374 a.
690 3330 772 3372 126
804 3329 872 3371 vit.
905 3327 931 3372 l.
964 3343 998 3372 0.
1031 3330 1136 3381 (tam
1174 3342 1333 3371 annum
1363 3341 1489 3382 quam
1519 3326 1627 3368 de‘cm
1658 3324 1843 3367 natalem
1872 3339 1965 3367 eon-

1643 3404 1690 3438 9*
