<?xml version="1.0" encoding="UTF-8"?>
<!DOCTYPE html PUBLIC "-//W3C//DTD XHTML 1.0 Transitional//EN"
    "http://www.w3.org/TR/xhtml1/DTD/xhtml1-transitional.dtd">
<html xmlns="http://www.w3.org/1999/xhtml" xml:lang="en" lang="en">
 <head>
  <title>
</title>
<meta http-equiv="Content-Type" content="text/html;charset=utf-8" />
  <meta name='ocr-system' content='tesseract 3.04.00' />
  <meta name='ocr-capabilities' content='ocr_page ocr_carea ocr_par ocr_line ocrx_word'/>
</head>
<body>
  <div class='ocr_page' id='page_1' title='image "./prosopographiaim02akaduoft/prosopographiaim02akaduoft_0219.png"; bbox 0 0 2202 3724; ppageno 0'>
   <div class='ocr_carea' id='block_1_1' title="bbox 132 275 1937 318">
    <p class='ocr_par' dir='ltr' id='par_1_1' title="bbox 132 275 1937 318">
     <span class='ocr_line' id='line_1_1' title="bbox 132 275 1937 318; baseline -0.001 0"><span class='ocrx_word' id='word_1_1' title='bbox 132 281 299 318; x_wconf 86' lang='lat' dir='ltr'><strong>IVLIVS</strong></span> <span class='ocrx_word' id='word_1_2' title='bbox 993 275 1076 318; x_wconf 85' lang='lat'>207</span> <span class='ocrx_word' id='word_1_3' title='bbox 1773 280 1937 317; x_wconf 89' lang='lat' dir='ltr'><strong>IVLIVS</strong></span> 
     </span>
    </p>
   </div>
   <div class='ocr_carea' id='block_1_2' title="bbox 145 346 303 350">
    <p class='ocr_par' dir='ltr' id='par_1_2' title="bbox 145 346 303 350">
     <span class='ocr_line' id='line_1_2' title="bbox 145 346 303 350; baseline 0 0"><span class='ocrx_word' id='word_1_4' title='bbox 145 346 303 350; x_wconf 95' lang='lat' dir='ltr'> </span> 
     </span>
    </p>
   </div>
   <div class='ocr_carea' id='block_1_3' title="bbox 127 410 1943 1696">
    <p class='ocr_par' dir='ltr' id='par_1_3' title="bbox 216 410 1941 945">
     <span class='ocr_line' id='line_1_3' title="bbox 217 410 1937 468; baseline 0 -15"><span class='ocrx_word' id='word_1_5' title='bbox 217 411 413 466; x_wconf 85' lang='lat' dir='ltr'>cratitcs,</span> <span class='ocrx_word' id='word_1_6' title='bbox 453 411 691 468; x_wconf 86' lang='lat' dir='ltr'>discipulus</span> <span class='ocrx_word' id='word_1_7' title='bbox 725 410 939 453; x_wconf 85' lang='lat' dir='ltr'>Hadriani</span> <span class='ocrx_word' id='word_1_8' title='bbox 970 410 1263 454; x_wconf 77' lang='lat' dir='ltr'><em>Philostratus</em></span> <span class='ocrx_word' id='word_1_9' title='bbox 1292 411 1364 453; x_wconf 84' lang='lat' dir='ltr'>vit.</span> <span class='ocrx_word' id='word_1_10' title='bbox 1394 410 1511 465; x_wconf 80' lang='lat' dir='ltr'>soph.</span> <span class='ocrx_word' id='word_1_11' title='bbox 1542 414 1585 461; x_wconf 90' lang='grc'><em>2,</em></span> <span class='ocrx_word' id='word_1_12' title='bbox 1619 413 1688 453; x_wconf 91' lang='grc'>12.</span> <span class='ocrx_word' id='word_1_13' title='bbox 1747 411 1816 453; x_wconf 91' lang='lat' dir='ltr'>De</span> <span class='ocrx_word' id='word_1_14' title='bbox 1846 418 1937 453; x_wconf 89' lang='lat' dir='ltr'>arte</span> 
     </span>
     <span class='ocr_line' id='line_1_4' title="bbox 218 478 1939 536; baseline 0.001 -14"><span class='ocrx_word' id='word_1_15' title='bbox 218 480 312 522; x_wconf 84' lang='lat' dir='ltr'>eius</span> <span class='ocrx_word' id='word_1_16' title='bbox 341 479 558 522; x_wconf 87' lang='lat' dir='ltr'>rhetorica</span> <span class='ocrx_word' id='word_1_17' title='bbox 586 478 881 522; x_wconf 78' lang='lat' dir='ltr'><em>Philostratus</em></span> <span class='ocrx_word' id='word_1_18' title='bbox 911 479 937 521; x_wconf 87' lang='lat' dir='ltr'>l.</span> <span class='ocrx_word' id='word_1_19' title='bbox 969 493 1003 523; x_wconf 84' lang='lat' dir='ltr'>o.</span> <span class='ocrx_word' id='word_1_20' title='bbox 1064 479 1236 536; x_wconf 85' lang='lat' dir='ltr'>Scripta</span> <span class='ocrx_word' id='word_1_21' title='bbox 1271 480 1363 521; x_wconf 90' lang='lat' dir='ltr'>eius</span> <span class='ocrx_word' id='word_1_22' title='bbox 1395 486 1620 522; x_wconf 82' lang='lat' dir='ltr'>enumerat</span> <span class='ocrx_word' id='word_1_23' title='bbox 1650 479 1810 522; x_wconf 83' lang='lat' dir='ltr'>Suidas</span> <span class='ocrx_word' id='word_1_24' title='bbox 1838 493 1872 521; x_wconf 88' lang='lat' dir='ltr'>s.</span> <span class='ocrx_word' id='word_1_25' title='bbox 1903 493 1939 524; x_wconf 72' lang='lat' dir='ltr'>r.</span> 
     </span>
     <span class='ocr_line' id='line_1_5' title="bbox 218 547 1941 606; baseline -0.001 -14"><span class='ocrx_word' id='word_1_26' title='bbox 218 548 484 606; x_wconf 76' lang='grc' dir='ltr'>Πολυδεύκης,</span> <span class='ocrx_word' id='word_1_27' title='bbox 516 548 559 589; x_wconf 90' lang='lat' dir='ltr'>in</span> <span class='ocrx_word' id='word_1_28' title='bbox 591 547 657 589; x_wconf 87' lang='lat' dir='ltr'>his</span> <span class='ocrx_word' id='word_1_29' title='bbox 687 547 1011 604; x_wconf 83' lang='lat' dir='ltr'>epithalamium</span> <span class='ocrx_word' id='word_1_30' title='bbox 1041 548 1085 589; x_wconf 88' lang='lat' dir='ltr'>in</span> <span class='ocrx_word' id='word_1_31' title='bbox 1116 547 1399 591; x_wconf 87' lang='lat' dir='ltr'>Commodum</span> <span class='ocrx_word' id='word_1_32' title='bbox 1430 547 1658 590; x_wconf 86' lang='lat' dir='ltr'>Caesarem</span> <span class='ocrx_word' id='word_1_33' title='bbox 1689 548 1746 590; x_wconf 84' lang='lat' dir='ltr'>ib.</span> <span class='ocrx_word' id='word_1_34' title='bbox 1806 548 1941 590; x_wconf 84' lang='lat' dir='ltr'><strong>Extat</strong></span> 
     </span>
     <span class='ocr_line' id='line_1_6' title="bbox 218 615 1938 673; baseline 0.001 -15"><span class='ocrx_word' id='word_1_35' title='bbox 218 617 524 670; x_wconf 74' lang='lat' dir='ltr'>onomasficon,</span> <span class='ocrx_word' id='word_1_36' title='bbox 547 616 662 673; x_wconf 91' lang='lat' dir='ltr'>quod</span> <span class='ocrx_word' id='word_1_37' title='bbox 685 615 903 658; x_wconf 76' lang='lat' dir='ltr'>dedicavit</span> <span class='ocrx_word' id='word_1_38' title='bbox 923 615 1158 658; x_wconf 84' lang='lat' dir='ltr'>Commodo</span> <span class='ocrx_word' id='word_1_39' title='bbox 1186 615 1361 659; x_wconf 79' lang='lat' dir='ltr'>Caesari</span> <span class='ocrx_word' id='word_1_40' title='bbox 1388 615 1434 669; x_wconf 91' lang='lat' dir='ltr'>(i.</span> <span class='ocrx_word' id='word_1_41' title='bbox 1451 630 1486 658; x_wconf 87' lang='lat' dir='ltr'>e.</span> <span class='ocrx_word' id='word_1_42' title='bbox 1510 623 1610 658; x_wconf 86' lang='lat' dir='ltr'>ante</span> <span class='ocrx_word' id='word_1_43' title='bbox 1630 631 1668 659; x_wconf 88' lang='lat' dir='ltr'>a.</span> <span class='ocrx_word' id='word_1_44' title='bbox 1687 616 1787 670; x_wconf 87' lang='lat'>177)</span> <span class='ocrx_word' id='word_1_45' title='bbox 1805 630 1938 660; x_wconf 81' lang='lat' dir='ltr'>onom.</span> 
     </span>
     <span class='ocr_line' id='line_1_7' title="bbox 219 683 1937 740; baseline 0.001 -13"><span class='ocrx_word' id='word_1_46' title='bbox 219 686 365 739; x_wconf 81' lang='lat' dir='ltr'>praef.</span> <span class='ocrx_word' id='word_1_47' title='bbox 409 683 671 727; x_wconf 81' lang='lat' dir='ltr'>Cathedram</span> <span class='ocrx_word' id='word_1_48' title='bbox 692 683 1002 726; x_wconf 87' lang='lat' dir='ltr'>Atheniensem</span> <span class='ocrx_word' id='word_1_49' title='bbox 1033 685 1200 740; x_wconf 85' lang='lat' dir='ltr'>accepit</span> <span class='ocrx_word' id='word_1_50' title='bbox 1229 700 1254 726; x_wconf 91' lang='lat' dir='ltr'>a</span> <span class='ocrx_word' id='word_1_51' title='bbox 1284 684 1518 727; x_wconf 90' lang='lat' dir='ltr'>Commodo</span> <span class='ocrx_word' id='word_1_52' title='bbox 1541 684 1834 727; x_wconf 67' lang='lat' dir='ltr'>Philostratus</span> <span class='ocrx_word' id='word_1_53' title='bbox 1854 685 1881 729; x_wconf 83' lang='lat' dir='ltr'>l.</span> <span class='ocrx_word' id='word_1_54' title='bbox 1903 699 1937 728; x_wconf 81' lang='lat' dir='ltr'>o.</span> 
     </span>
     <span class='ocr_line' id='line_1_8' title="bbox 216 751 1938 811; baseline 0.001 -16"><span class='ocrx_word' id='word_1_55' title='bbox 216 753 268 795; x_wconf 90' lang='lat' dir='ltr'>In</span> <span class='ocrx_word' id='word_1_56' title='bbox 307 768 405 796; x_wconf 80' lang='lat' dir='ltr'>euni</span> <span class='ocrx_word' id='word_1_57' title='bbox 443 759 493 796; x_wconf 91' lang='lat' dir='ltr'>ut</span> <span class='ocrx_word' id='word_1_58' title='bbox 520 753 714 806; x_wconf 84' lang='lat' dir='ltr'>videtur,</span> <span class='ocrx_word' id='word_1_59' title='bbox 757 754 930 794; x_wconf 88' lang='lat' dir='ltr'>nomine</span> <span class='ocrx_word' id='word_1_60' title='bbox 969 767 1054 794; x_wconf 92' lang='lat' dir='ltr'>non</span> <span class='ocrx_word' id='word_1_61' title='bbox 1096 753 1257 808; x_wconf 83' lang='lat' dir='ltr'>posito,</span> <span class='ocrx_word' id='word_1_62' title='bbox 1300 751 1520 794; x_wconf 88' lang='lat' dir='ltr'>invehitur</span> <span class='ocrx_word' id='word_1_63' title='bbox 1548 753 1767 795; x_wconf 80' lang='lat' dir='ltr'>Lueianus</span> <span class='ocrx_word' id='word_1_64' title='bbox 1807 755 1938 811; x_wconf 79' lang='grc' dir='ltr'><em>ῥητορ.</em></span> 
     </span>
     <span class='ocr_line' id='line_1_9' title="bbox 217 820 1940 877; baseline 0.001 -13"><span class='ocrx_word' id='word_1_65' title='bbox 217 823 366 864; x_wconf 83' lang='grc' dir='ltr'><em>διδάσκ.</em></span> <span class='ocrx_word' id='word_1_66' title='bbox 395 835 428 865; x_wconf 84' lang='lat' dir='ltr'>c.</span> <span class='ocrx_word' id='word_1_67' title='bbox 449 824 508 865; x_wconf 91' lang='grc'>24</span> <span class='ocrx_word' id='word_1_68' title='bbox 537 835 629 864; x_wconf 83' lang='lat' dir='ltr'>oum</span> <span class='ocrx_word' id='word_1_69' title='bbox 657 821 810 872; x_wconf 44' lang='lat' dir='ltr'>seholq·</span> <span class='ocrx_word' id='word_1_70' title='bbox 840 821 895 875; x_wconf 80' lang='lat' dir='ltr'>of.</span> <span class='ocrx_word' id='word_1_71' title='bbox 918 820 965 863; x_wconf 80' lang='lat' dir='ltr'>C.</span> <span class='ocrx_word' id='word_1_72' title='bbox 987 821 1041 864; x_wconf 88' lang='lat' dir='ltr'>F.</span> <span class='ocrx_word' id='word_1_73' title='bbox 1062 821 1216 863; x_wconf 77' lang='lat' dir='ltr'>Ranke</span> <span class='ocrx_word' id='word_1_74' title='bbox 1236 820 1393 862; x_wconf 70' lang='lat' dir='ltr'>Polluce</span> <span class='ocrx_word' id='word_1_75' title='bbox 1423 824 1462 862; x_wconf 93' lang='lat' dir='ltr'>et</span> <span class='ocrx_word' id='word_1_76' title='bbox 1481 821 1699 863; x_wconf 84' lang='lat' dir='ltr'>Lueianus</span> <span class='ocrx_word' id='word_1_77' title='bbox 1719 822 1940 877; x_wconf 75' lang='lat' dir='ltr'>(Quedlin-</span> 
     </span>
     <span class='ocr_line' id='line_1_10' title="bbox 217 888 1938 945; baseline 0.001 -13"><span class='ocrx_word' id='word_1_78' title='bbox 217 890 322 944; x_wconf 75' lang='lat' dir='ltr'>bury</span> <span class='ocrx_word' id='word_1_79' title='bbox 342 890 466 945; x_wconf 84' lang='lat'><em>1831)</em></span> <span class='ocrx_word' id='word_1_80' title='bbox 487 904 536 944; x_wconf 92' lang='lat' dir='ltr'>p.</span> <span class='ocrx_word' id='word_1_81' title='bbox 557 893 597 932; x_wconf 87' lang='lat'>1.</span> <span class='ocrx_word' id='word_1_82' title='bbox 643 888 749 932; x_wconf 85' lang='lat' dir='ltr'>Obit</span> <span class='ocrx_word' id='word_1_83' title='bbox 778 904 914 931; x_wconf 87' lang='lat' dir='ltr'>annos</span> <span class='ocrx_word' id='word_1_84' title='bbox 944 895 1070 931; x_wconf 77' lang='lat' dir='ltr'>natus</span> <span class='ocrx_word' id='word_1_85' title='bbox 1091 890 1407 945; x_wconf 84' lang='lat' dir='ltr'>quinquaginta</span> <span class='ocrx_word' id='word_1_86' title='bbox 1427 895 1520 931; x_wconf 88' lang='lat' dir='ltr'>octo</span> <span class='ocrx_word' id='word_1_87' title='bbox 1542 888 1882 933; x_wconf 82' lang='lat' dir='ltr'>Philostratusl.</span> <span class='ocrx_word' id='word_1_88' title='bbox 1904 905 1938 934; x_wconf 84' lang='lat' dir='ltr'>e.</span> 
     </span>
    </p>

    <p class='ocr_par' dir='ltr' id='par_1_4' title="bbox 130 957 1942 1206">
     <span class='ocr_line' id='line_1_11' title="bbox 130 957 1942 1014; baseline 0.001 -14"><span class='ocrx_word' id='word_1_89' title='bbox 130 959 215 1001; x_wconf 84' lang='lat'>320</span> <span class='ocrx_word' id='word_1_90' title='bbox 245 964 412 1000; x_wconf 90' lang='lat' dir='ltr'><strong>IVLIVS</strong></span> <span class='ocrx_word' id='word_1_91' title='bbox 443 964 693 999; x_wconf 88' lang='lat' dir='ltr'><strong>POMPEIVS</strong></span> <span class='ocrx_word' id='word_1_92' title='bbox 721 963 1038 999; x_wconf 89' lang='lat' dir='ltr'><strong>RVSONIANVS</strong></span> <span class='ocrx_word' id='word_1_93' title='bbox 1078 957 1238 1013; x_wconf 89' lang='lat' dir='ltr'>(Ponp-</span> <span class='ocrx_word' id='word_1_94' title='bbox 1270 957 1458 999; x_wconf 78' lang='lat' dir='ltr'>traditur</span> <span class='ocrx_word' id='word_1_95' title='bbox 1478 971 1564 1012; x_wconf 89' lang='lat' dir='ltr'>pro</span> <span class='ocrx_word' id='word_1_96' title='bbox 1594 958 1766 1014; x_wconf 89' lang='lat' dir='ltr'>Pomp-)</span> <span class='ocrx_word' id='word_1_97' title='bbox 1795 959 1942 1014; x_wconf 72' lang='lat' dir='ltr'>fistula</span> 
     </span>
     <span class='ocr_line' id='line_1_12' title="bbox 218 1025 1940 1081; baseline 0.001 -13"><span class='ocrx_word' id='word_1_98' title='bbox 218 1026 422 1081; x_wconf 86' lang='lat' dir='ltr'>plumbea</span> <span class='ocrx_word' id='word_1_99' title='bbox 453 1026 645 1076; x_wconf 86' lang='lat' dir='ltr'>urbana,</span> <span class='ocrx_word' id='word_1_100' title='bbox 689 1025 789 1069; x_wconf 81' lang='lat' dir='ltr'>bull.</span> <span class='ocrx_word' id='word_1_101' title='bbox 820 1039 980 1067; x_wconf 84' lang='lat' dir='ltr'>eomun.</span> <span class='ocrx_word' id='word_1_102' title='bbox 1012 1028 1124 1067; x_wconf 91' lang='grc'><em>1887</em></span> <span class='ocrx_word' id='word_1_103' title='bbox 1153 1040 1201 1080; x_wconf 87' lang='lat' dir='ltr'>p.</span> <span class='ocrx_word' id='word_1_104' title='bbox 1226 1028 1252 1067; x_wconf 86' lang='lat'><em>9</em></span> <span class='ocrx_word' id='word_1_105' title='bbox 1290 1039 1331 1067; x_wconf 94' lang='lat' dir='ltr'>n.</span> <span class='ocrx_word' id='word_1_106' title='bbox 1364 1028 1487 1067; x_wconf 83' lang='grc'><em>1680</em></span> <span class='ocrx_word' id='word_1_107' title='bbox 1537 1025 1656 1068; x_wconf 72' lang='lat' dir='ltr'>Idem</span> <span class='ocrx_word' id='word_1_108' title='bbox 1695 1030 1742 1068; x_wconf 90' lang='lat' dir='ltr'>ut</span> <span class='ocrx_word' id='word_1_109' title='bbox 1777 1027 1940 1069; x_wconf 82' lang='lat' dir='ltr'>videtur</span> 
     </span>
     <span class='ocr_line' id='line_1_13' title="bbox 215 1093 1938 1151; baseline 0.002 -15"><span class='ocrx_word' id='word_1_110' title='bbox 215 1095 446 1151; x_wconf 90' lang='lat' dir='ltr'>Pompeius</span> <span class='ocrx_word' id='word_1_111' title='bbox 485 1095 758 1136; x_wconf 87' lang='lat' dir='ltr'>Rusonianus</span> <span class='ocrx_word' id='word_1_112' title='bbox 796 1093 1114 1150; x_wconf 83' lang='lat' dir='ltr'>quindecimvir</span> <span class='ocrx_word' id='word_1_113' title='bbox 1153 1094 1288 1135; x_wconf 87' lang='lat' dir='ltr'>sacris</span> <span class='ocrx_word' id='word_1_114' title='bbox 1328 1093 1565 1147; x_wconf 89' lang='lat' dir='ltr'>faciundis,</span> <span class='ocrx_word' id='word_1_115' title='bbox 1607 1094 1756 1136; x_wconf 91' lang='lat' dir='ltr'>consul</span> <span class='ocrx_word' id='word_1_116' title='bbox 1787 1110 1825 1139; x_wconf 86' lang='lat' dir='ltr'>a.</span> <span class='ocrx_word' id='word_1_117' title='bbox 1856 1097 1938 1139; x_wconf 81' lang='lat' dir='ltr'>inc.</span> 
     </span>
     <span class='ocr_line' id='line_1_14' title="bbox 214 1162 485 1206; baseline 0.004 -1"><span class='ocrx_word' id='word_1_118' title='bbox 214 1162 340 1205; x_wconf 87' lang='lat' dir='ltr'>XIV</span> <span class='ocrx_word' id='word_1_119' title='bbox 358 1165 485 1206; x_wconf 78' lang='lat'><strong>2790.</strong></span> 
     </span>
    </p>

    <p class='ocr_par' dir='ltr' id='par_1_5' title="bbox 128 1230 1938 1355">
     <span class='ocr_line' id='line_1_15' title="bbox 128 1230 1938 1287; baseline 0 -13"><span class='ocrx_word' id='word_1_120' title='bbox 128 1233 208 1274; x_wconf 83' lang='lat'>321</span> <span class='ocrx_word' id='word_1_121' title='bbox 242 1238 287 1274; x_wconf 90' lang='lat' dir='ltr'>L.</span> <span class='ocrx_word' id='word_1_122' title='bbox 318 1237 483 1272; x_wconf 86' lang='lat' dir='ltr'><strong>IVLIVS</strong></span> <span class='ocrx_word' id='word_1_123' title='bbox 515 1236 780 1272; x_wconf 84' lang='lat' dir='ltr'><strong>POMPILIVS</strong></span> <span class='ocrx_word' id='word_1_124' title='bbox 803 1236 1099 1272; x_wconf 86' lang='lat' dir='ltr'><strong>BETVLENVS</strong></span> <span class='ocrx_word' id='word_1_125' title='bbox 1121 1236 1441 1272; x_wconf 83' lang='lat' dir='ltr'><strong>APRONIANVS</strong></span> <span class='ocrx_word' id='word_1_126' title='bbox 1465 1230 1726 1273; x_wconf 72' lang='lat' dir='ltr'>Clarissimus</span> <span class='ocrx_word' id='word_1_127' title='bbox 1758 1233 1938 1287; x_wconf 73' lang='lat' dir='ltr'>iuvenis,</span> 
     </span>
     <span class='ocr_line' id='line_1_16' title="bbox 214 1298 1818 1355; baseline 0.001 -14"><span class='ocrx_word' id='word_1_128' title='bbox 214 1298 392 1341; x_wconf 80' lang='lat' dir='ltr'>balneas</span> <span class='ocrx_word' id='word_1_129' title='bbox 418 1298 702 1341; x_wconf 85' lang='lat' dir='ltr'>Amiterninis</span> <span class='ocrx_word' id='word_1_130' title='bbox 732 1300 899 1355; x_wconf 84' lang='lat' dir='ltr'>patriae</span> <span class='ocrx_word' id='word_1_131' title='bbox 929 1313 1032 1341; x_wconf 90' lang='lat' dir='ltr'>suae</span> <span class='ocrx_word' id='word_1_132' title='bbox 1061 1298 1181 1340; x_wconf 88' lang='lat' dir='ltr'>dedit</span> <span class='ocrx_word' id='word_1_133' title='bbox 1211 1302 1240 1340; x_wconf 89' lang='lat' dir='ltr'>t.</span> <span class='ocrx_word' id='word_1_134' title='bbox 1270 1298 1566 1341; x_wconf 71' lang='lat' dir='ltr'>Amiterninus</span> <span class='ocrx_word' id='word_1_135' title='bbox 1593 1299 1671 1342; x_wconf 94' lang='lat' dir='ltr'>IX</span> <span class='ocrx_word' id='word_1_136' title='bbox 1698 1303 1818 1342; x_wconf 86' lang='grc'><em>4916.</em></span> 
     </span>
    </p>

    <p class='ocr_par' dir='ltr' id='par_1_6' title="bbox 127 1367 1943 1696">
     <span class='ocr_line' id='line_1_17' title="bbox 127 1367 1941 1422; baseline -0.001 -11"><span class='ocrx_word' id='word_1_137' title='bbox 127 1370 211 1412; x_wconf 84' lang='grc'>322</span> <span class='ocrx_word' id='word_1_138' title='bbox 241 1376 288 1410; x_wconf 86' lang='lat' dir='ltr'>A.</span> <span class='ocrx_word' id='word_1_139' title='bbox 319 1374 484 1410; x_wconf 88' lang='lat' dir='ltr'><strong>IVLIVS</strong></span> <span class='ocrx_word' id='word_1_140' title='bbox 524 1373 791 1409; x_wconf 87' lang='lat' dir='ltr'><strong>POMPILIVS</strong></span> <span class='ocrx_word' id='word_1_141' title='bbox 833 1373 940 1410; x_wconf 88' lang='lat' dir='ltr'><strong>PISO</strong></span> <span class='ocrx_word' id='word_1_142' title='bbox 972 1373 1015 1409; x_wconf 88' lang='lat' dir='ltr'>T.</span> <span class='ocrx_word' id='word_1_143' title='bbox 1046 1373 1210 1409; x_wconf 87' lang='lat' dir='ltr'><strong>VIBIVS</strong></span> <span class='ocrx_word' id='word_1_144' title='bbox 1241 1367 1432 1422; x_wconf 90' lang='lat' dir='ltr'><strong>[VARVS]</strong></span> <span class='ocrx_word' id='word_1_145' title='bbox 1475 1374 1756 1410; x_wconf 84' lang='lat' dir='ltr'><strong>LAEVILLVS</strong></span> <span class='ocrx_word' id='word_1_146' title='bbox 1788 1375 1941 1410; x_wconf 84' lang='lat' dir='ltr'>BERE-</span> 
     </span>
     <span class='ocr_line' id='line_1_18' title="bbox 214 1435 1943 1493; baseline 0 -15"><span class='ocrx_word' id='word_1_147' title='bbox 214 1442 464 1480; x_wconf 80' lang='lat' dir='ltr'><strong>NICIANVS.</strong></span> <span class='ocrx_word' id='word_1_148' title='bbox 522 1436 622 1490; x_wconf 87' lang='lat' dir='ltr'>Ipse</span> <span class='ocrx_word' id='word_1_149' title='bbox 651 1436 800 1490; x_wconf 77' lang='lat' dir='ltr'>posuit</span> <span class='ocrx_word' id='word_1_150' title='bbox 839 1435 1007 1478; x_wconf 85' lang='lat' dir='ltr'>titulum</span> <span class='ocrx_word' id='word_1_151' title='bbox 1043 1436 1422 1478; x_wconf 83' lang='lat' dir='ltr'>Lambaesitanum</span> <span class='ocrx_word' id='word_1_152' title='bbox 1454 1436 1576 1478; x_wconf 87' lang='lat' dir='ltr'><strong>VIII</strong></span> <span class='ocrx_word' id='word_1_153' title='bbox 1597 1439 1715 1479; x_wconf 82' lang='grc'><em>2582</em></span> <span class='ocrx_word' id='word_1_154' title='bbox 1744 1437 1828 1493; x_wconf 87' lang='grc'><em>(1);</em></span> <span class='ocrx_word' id='word_1_155' title='bbox 1857 1438 1943 1491; x_wconf 74' lang='lat' dir='ltr'>ipsi</span> 
     </span>
     <span class='ocr_line' id='line_1_19' title="bbox 215 1502 1939 1558; baseline 0 -11"><span class='ocrx_word' id='word_1_156' title='bbox 215 1505 431 1548; x_wconf 75' lang='lat' dir='ltr'>dedicatus</span> <span class='ocrx_word' id='word_1_157' title='bbox 461 1508 521 1547; x_wconf 87' lang='lat' dir='ltr'>est</span> <span class='ocrx_word' id='word_1_158' title='bbox 551 1504 676 1547; x_wconf 91' lang='lat' dir='ltr'><strong>VIII</strong></span> <span class='ocrx_word' id='word_1_159' title='bbox 696 1508 821 1547; x_wconf 91' lang='grc'><em>2744.</em></span> <span class='ocrx_word' id='word_1_160' title='bbox 851 1507 965 1548; x_wconf 89' lang='grc'><em>2745</em></span> <span class='ocrx_word' id='word_1_161' title='bbox 996 1502 1059 1557; x_wconf 88' lang='grc'><em>(2)</em></span> <span class='ocrx_word' id='word_1_162' title='bbox 1100 1504 1276 1546; x_wconf 80' lang='lat' dir='ltr'>mutilus</span> <span class='ocrx_word' id='word_1_163' title='bbox 1301 1502 1371 1556; x_wconf 77' lang='lat' dir='ltr'>‘(et</span> <span class='ocrx_word' id='word_1_164' title='bbox 1409 1504 1581 1558; x_wconf 74' lang='lat' dir='ltr'>insuper</span> <span class='ocrx_word' id='word_1_165' title='bbox 1622 1518 1706 1546; x_wconf 91' lang='lat' dir='ltr'>non</span> <span class='ocrx_word' id='word_1_166' title='bbox 1743 1508 1853 1546; x_wconf 86' lang='lat' dir='ltr'>reete</span> <span class='ocrx_word' id='word_1_167' title='bbox 1885 1506 1939 1547; x_wconf 88' lang='lat' dir='ltr'>ab</span> 
     </span>
     <span class='ocr_line' id='line_1_20' title="bbox 213 1572 1939 1630; baseline -0.001 -14"><span class='ocrx_word' id='word_1_168' title='bbox 213 1574 443 1616; x_wconf 78' lang='lat' dir='ltr'>editoribus</span> <span class='ocrx_word' id='word_1_169' title='bbox 477 1573 717 1630; x_wconf 78' lang='lat' dir='ltr'>discissus)‚·</span> <span class='ocrx_word' id='word_1_170' title='bbox 746 1576 976 1627; x_wconf 86' lang='lat' dir='ltr'>praeterea</span> <span class='ocrx_word' id='word_1_171' title='bbox 1013 1576 1272 1615; x_wconf 82' lang='lat' dir='ltr'>memoratur</span> <span class='ocrx_word' id='word_1_172' title='bbox 1311 1572 1434 1614; x_wconf 88' lang='lat' dir='ltr'><strong>VIII</strong></span> <span class='ocrx_word' id='word_1_173' title='bbox 1465 1575 1580 1616; x_wconf 89' lang='grc'><em>2488</em></span> <span class='ocrx_word' id='word_1_174' title='bbox 1611 1573 1683 1628; x_wconf 90' lang='grc'><em>(3).</em></span> <span class='ocrx_word' id='word_1_175' title='bbox 1724 1576 1840 1616; x_wconf 83' lang='grc'><em>2547</em></span> <span class='ocrx_word' id='word_1_176' title='bbox 1867 1572 1939 1627; x_wconf 85' lang='grc'><em>(4).</em></span> 
     </span>
     <span class='ocr_line' id='line_1_21' title="bbox 214 1639 1072 1696; baseline -0.002 -11"><span class='ocrx_word' id='word_1_177' title='bbox 214 1645 327 1686; x_wconf 87' lang='grc'><em>7102</em></span> <span class='ocrx_word' id='word_1_178' title='bbox 355 1645 394 1685; x_wconf 89' lang='lat' dir='ltr'>et</span> <span class='ocrx_word' id='word_1_179' title='bbox 413 1641 586 1696; x_wconf 76' lang='lat' dir='ltr'>plenius</span> <span class='ocrx_word' id='word_1_180' title='bbox 614 1640 738 1684; x_wconf 95' lang='lat' dir='ltr'><strong>VIII</strong></span> <span class='ocrx_word' id='word_1_181' title='bbox 760 1641 807 1685; x_wconf 79' lang='lat' dir='ltr'>S.</span> <span class='ocrx_word' id='word_1_182' title='bbox 829 1644 969 1685; x_wconf 85' lang='grc'><em>19512</em></span> <span class='ocrx_word' id='word_1_183' title='bbox 999 1639 1072 1695; x_wconf 88' lang='grc'><em>(5).</em></span> 
     </span>
    </p>
   </div>
   <div class='ocr_carea' id='block_1_4' title="bbox 118 1709 1941 1897">
    <p class='ocr_par' dir='ltr' id='par_1_7' title="bbox 118 1709 1941 1897">
     <span class='ocr_line' id='line_1_22' title="bbox 300 1709 1941 1767; baseline -0.001 -14"><span class='ocrx_word' id='word_1_184' title='bbox 300 1710 384 1766; x_wconf 89' lang='grc' dir='ltr'>[Α.]</span> <span class='ocrx_word' id='word_1_185' title='bbox 425 1709 565 1753; x_wconf 89' lang='lat' dir='ltr'>Iulius</span> <span class='ocrx_word' id='word_1_186' title='bbox 600 1709 837 1767; x_wconf 85' lang='lat' dir='ltr'>Pompilius</span> <span class='ocrx_word' id='word_1_187' title='bbox 878 1710 978 1752; x_wconf 90' lang='lat' dir='ltr'>Piso</span> <span class='ocrx_word' id='word_1_188' title='bbox 1020 1710 1071 1752; x_wconf 88' lang='lat' dir='ltr'>T.</span> <span class='ocrx_word' id='word_1_189' title='bbox 1112 1709 1300 1764; x_wconf 87' lang='lat' dir='ltr'>Vib[ius]</span> <span class='ocrx_word' id='word_1_190' title='bbox 1342 1742 1462 1752; x_wconf 91' lang='grc'><em>.....</em></span> <span class='ocrx_word' id='word_1_191' title='bbox 1505 1709 1814 1752; x_wconf 83' lang='lat' dir='ltr'>Berenicianus</span> <span class='ocrx_word' id='word_1_192' title='bbox 1855 1713 1884 1752; x_wconf 77' lang='lat' dir='ltr'>t.</span> <span class='ocrx_word' id='word_1_193' title='bbox 1916 1713 1941 1751; x_wconf 88' lang='lat'><strong><em>1</em></strong></span> 
     </span>
     <span class='ocr_line' id='line_1_23' title="bbox 118 1777 1941 1835; baseline -0.002 -13"><span class='ocrx_word' id='word_1_194' title='bbox 118 1811 125 1816; x_wconf 91' lang='lat'>-</span> <span class='ocrx_word' id='word_1_195' title='bbox 211 1779 400 1833; x_wconf 79' lang='lat' dir='ltr'>idemque</span> <span class='ocrx_word' id='word_1_196' title='bbox 436 1778 604 1820; x_wconf 84' lang='lat' dir='ltr'>videtur</span> <span class='ocrx_word' id='word_1_197' title='bbox 639 1778 773 1832; x_wconf 82' lang='lat' dir='ltr'>fuisse</span> <span class='ocrx_word' id='word_1_198' title='bbox 813 1781 842 1820; x_wconf 81' lang='lat' dir='ltr'>t.</span> <span class='ocrx_word' id='word_1_199' title='bbox 870 1782 902 1821; x_wconf 87' lang='grc'><em>2</em></span> <span class='ocrx_word' id='word_1_200' title='bbox 941 1779 1145 1833; x_wconf 85' lang='lat' dir='ltr'>(superest</span> <span class='ocrx_word' id='word_1_201' title='bbox 1176 1811 1185 1820; x_wconf 88' lang='lat'><strong>.</strong></span> <span class='ocrx_word' id='word_1_202' title='bbox 1204 1811 1214 1820; x_wconf 85' lang='lat'><strong>.</strong></span> <span class='ocrx_word' id='word_1_203' title='bbox 1232 1811 1241 1820; x_wconf 92' lang='lat'><strong>.</strong></span> <span class='ocrx_word' id='word_1_204' title='bbox 1259 1778 1405 1832; x_wconf 85' lang='lat' dir='ltr'>anus),</span> <span class='ocrx_word' id='word_1_205' title='bbox 1445 1777 1498 1820; x_wconf 90' lang='lat' dir='ltr'>A.</span> <span class='ocrx_word' id='word_1_206' title='bbox 1531 1777 1668 1820; x_wconf 87' lang='lat' dir='ltr'>Iulius</span> <span class='ocrx_word' id='word_1_207' title='bbox 1703 1777 1941 1835; x_wconf 86' lang='lat' dir='ltr'>Pompilius</span> 
     </span>
     <span class='ocr_line' id='line_1_24' title="bbox 212 1843 1940 1897; baseline -0.002 -6"><span class='ocrx_word' id='word_1_208' title='bbox 212 1849 314 1891; x_wconf 91' lang='lat' dir='ltr'>Piso</span> <span class='ocrx_word' id='word_1_209' title='bbox 344 1846 568 1890; x_wconf 89' lang='lat' dir='ltr'>Laevillus</span> <span class='ocrx_word' id='word_1_210' title='bbox 598 1849 627 1888; x_wconf 88' lang='lat' dir='ltr'>t.</span> <span class='ocrx_word' id='word_1_211' title='bbox 657 1849 697 1897; x_wconf 86' lang='lat'>3,</span> <span class='ocrx_word' id='word_1_212' title='bbox 741 1880 751 1889; x_wconf 92' lang='lat'><strong>.</strong></span> <span class='ocrx_word' id='word_1_213' title='bbox 769 1879 778 1889; x_wconf 90' lang='lat'><strong>.</strong></span> <span class='ocrx_word' id='word_1_214' title='bbox 797 1880 807 1889; x_wconf 91' lang='lat'><strong>.</strong></span> <span class='ocrx_word' id='word_1_215' title='bbox 845 1846 982 1889; x_wconf 89' lang='lat' dir='ltr'>Iulius</span> <span class='ocrx_word' id='word_1_216' title='bbox 1013 1847 1105 1889; x_wconf 88' lang='lat' dir='ltr'>Pon</span> <span class='ocrx_word' id='word_1_217' title='bbox 1124 1879 1345 1891; x_wconf 89' lang='grc'><em>........</em></span> <span class='ocrx_word' id='word_1_218' title='bbox 1365 1843 1411 1888; x_wconf 74' lang='lat' dir='ltr'>.s</span> <span class='ocrx_word' id='word_1_219' title='bbox 1442 1847 1544 1888; x_wconf 89' lang='lat' dir='ltr'>Piso</span> <span class='ocrx_word' id='word_1_220' title='bbox 1584 1847 1705 1888; x_wconf 87' lang='lat' dir='ltr'>Laev</span> <span class='ocrx_word' id='word_1_221' title='bbox 1723 1880 1732 1889; x_wconf 88' lang='lat'><strong>.</strong></span> <span class='ocrx_word' id='word_1_222' title='bbox 1751 1880 1788 1888; x_wconf 91' lang='lat'>..</span> <span class='ocrx_word' id='word_1_223' title='bbox 1832 1850 1859 1889; x_wconf 87' lang='lat' dir='ltr'>t.</span> <span class='ocrx_word' id='word_1_224' title='bbox 1899 1849 1940 1897; x_wconf 82' lang='lat'>5,</span> 
     </span>
    </p>
   </div>
   <div class='ocr_carea' id='block_1_5' title="bbox 125 1914 1943 3410">
    <p class='ocr_par' dir='ltr' id='par_1_8' title="bbox 210 1914 1943 2862">
     <span class='ocr_line' id='line_1_25' title="bbox 214 1914 1942 1972; baseline -0.002 -13"><span class='ocrx_word' id='word_1_225' title='bbox 214 1917 281 1972; x_wconf 88' lang='lat' dir='ltr'>[A.</span> <span class='ocrx_word' id='word_1_226' title='bbox 312 1915 466 1971; x_wconf 90' lang='lat' dir='ltr'>l]ulius</span> <span class='ocrx_word' id='word_1_227' title='bbox 496 1915 595 1957; x_wconf 89' lang='lat' dir='ltr'>Piso</span> <span class='ocrx_word' id='word_1_228' title='bbox 626 1918 654 1957; x_wconf 85' lang='lat' dir='ltr'>t.</span> <span class='ocrx_word' id='word_1_229' title='bbox 685 1919 724 1957; x_wconf 93' lang='grc'>4.</span> <span class='ocrx_word' id='word_1_230' title='bbox 782 1915 946 1969; x_wconf 87' lang='lat' dir='ltr'>(Varus</span> <span class='ocrx_word' id='word_1_231' title='bbox 979 1929 1201 1970; x_wconf 71' lang='lat' dir='ltr'>coynonzen</span> <span class='ocrx_word' id='word_1_232' title='bbox 1233 1929 1305 1970; x_wconf 68' lang='lat' dir='ltr'>eqo</span> <span class='ocrx_word' id='word_1_233' title='bbox 1327 1914 1476 1956; x_wconf 67' lang='lat' dir='ltr'>addidi</span> <span class='ocrx_word' id='word_1_234' title='bbox 1496 1918 1729 1969; x_wconf 83' lang='lat' dir='ltr'>propterea</span> <span class='ocrx_word' id='word_1_235' title='bbox 1757 1915 1868 1969; x_wconf 75' lang='lat' dir='ltr'>quod</span> <span class='ocrx_word' id='word_1_236' title='bbox 1896 1916 1942 1956; x_wconf 82' lang='lat' dir='ltr'>in</span> 
     </span>
     <span class='ocr_line' id='line_1_26' title="bbox 213 1983 1942 2038; baseline -0.002 -11"><span class='ocrx_word' id='word_1_237' title='bbox 213 1988 242 2027; x_wconf 88' lang='lat' dir='ltr'>t.</span> <span class='ocrx_word' id='word_1_238' title='bbox 263 1989 289 2027; x_wconf 89' lang='lat'><strong><em>1</em></strong></span> <span class='ocrx_word' id='word_1_239' title='bbox 317 1986 430 2027; x_wconf 85' lang='lat' dir='ltr'>inter</span> <span class='ocrx_word' id='word_1_240' title='bbox 455 1985 500 2027; x_wconf 85' lang='grc' dir='ltr'>Τ.</span> <span class='ocrx_word' id='word_1_241' title='bbox 533 1984 649 2026; x_wconf 84' lang='lat' dir='ltr'>Vibii</span> <span class='ocrx_word' id='word_1_242' title='bbox 677 1987 716 2026; x_wconf 89' lang='lat' dir='ltr'>et</span> <span class='ocrx_word' id='word_1_243' title='bbox 732 1983 1009 2026; x_wconf 81' lang='lat' dir='ltr'>Berenieiani</span> <span class='ocrx_word' id='word_1_244' title='bbox 1036 1985 1210 2026; x_wconf 77' lang='lat' dir='ltr'>nomina</span> <span class='ocrx_word' id='word_1_245' title='bbox 1239 1998 1324 2026; x_wconf 90' lang='lat' dir='ltr'>non</span> <span class='ocrx_word' id='word_1_246' title='bbox 1353 1983 1486 2026; x_wconf 79' lang='lat' dir='ltr'>solum</span> <span class='ocrx_word' id='word_1_247' title='bbox 1506 1983 1691 2025; x_wconf 73' lang='lat' dir='ltr'>Laevilli</span> <span class='ocrx_word' id='word_1_248' title='bbox 1719 1997 1942 2038; x_wconf 73' lang='lat' dir='ltr'>eoynomen</span> 
     </span>
     <span class='ocr_line' id='line_1_27' title="bbox 211 2051 1943 2107; baseline -0.003 -11"><span class='ocrx_word' id='word_1_249' title='bbox 211 2053 285 2096; x_wconf 77' lang='lat' dir='ltr'>sed</span> <span class='ocrx_word' id='word_1_250' title='bbox 322 2054 450 2096; x_wconf 82' lang='lat' dir='ltr'>etiam</span> <span class='ocrx_word' id='word_1_251' title='bbox 489 2053 669 2095; x_wconf 80' lang='lat' dir='ltr'>alterum</span> <span class='ocrx_word' id='word_1_252' title='bbox 706 2052 956 2095; x_wconf 75' lang='lat' dir='ltr'>vocabulum</span> <span class='ocrx_word' id='word_1_253' title='bbox 988 2054 1169 2107; x_wconf 72' lang='lat' dir='ltr'>periisse</span> <span class='ocrx_word' id='word_1_254' title='bbox 1207 2052 1420 2107; x_wconf 75' lang='lat' dir='ltr'>coll-iyitur</span> <span class='ocrx_word' id='word_1_255' title='bbox 1460 2066 1510 2094; x_wconf 66' lang='lat' dir='ltr'>eu:</span> <span class='ocrx_word' id='word_1_256' title='bbox 1548 2051 1772 2094; x_wconf 75' lang='lat' dir='ltr'>latitudine</span> <span class='ocrx_word' id='word_1_257' title='bbox 1811 2052 1943 2105; x_wconf 75' lang='lat' dir='ltr'>spatii</span> 
     </span>
     <span class='ocr_line' id='line_1_28' title="bbox 210 2119 1942 2175; baseline -0.003 -11"><span class='ocrx_word' id='word_1_258' title='bbox 210 2122 415 2172; x_wconf 80' lang='lat' dir='ltr'>vacantis,</span> <span class='ocrx_word' id='word_1_259' title='bbox 446 2124 485 2163; x_wconf 90' lang='lat' dir='ltr'>et</span> <span class='ocrx_word' id='word_1_260' title='bbox 521 2120 568 2163; x_wconf 79' lang='lat' dir='ltr'>C.</span> <span class='ocrx_word' id='word_1_261' title='bbox 591 2119 752 2163; x_wconf 83' lang='lat' dir='ltr'>Iulium</span> <span class='ocrx_word' id='word_1_262' title='bbox 780 2122 949 2175; x_wconf 69' lang='lat' dir='ltr'>Impum</span> <span class='ocrx_word' id='word_1_263' title='bbox 985 2122 1029 2165; x_wconf 79' lang='lat' dir='ltr'>T.</span> <span class='ocrx_word' id='word_1_264' title='bbox 1065 2121 1232 2163; x_wconf 77' lang='lat' dir='ltr'>Vibium</span> <span class='ocrx_word' id='word_1_265' title='bbox 1261 2120 1420 2162; x_wconf 80' lang='lat' dir='ltr'>Varum</span> <span class='ocrx_word' id='word_1_266' title='bbox 1448 2119 1942 2175; x_wconf 72' lang='lat' dir='ltr'>Laevillum,habuimus</span> 
     </span>
     <span class='ocr_line' id='line_1_29' title="bbox 211 2186 1941 2246; baseline -0.003 -13"><span class='ocrx_word' id='word_1_267' title='bbox 211 2205 345 2246; x_wconf 85' lang='lat' dir='ltr'>supra</span> <span class='ocrx_word' id='word_1_268' title='bbox 373 2204 414 2234; x_wconf 93' lang='lat' dir='ltr'>n.</span> <span class='ocrx_word' id='word_1_269' title='bbox 435 2190 553 2244; x_wconf 86' lang='grc'><em>264).</em></span> <span class='ocrx_word' id='word_1_270' title='bbox 602 2189 707 2232; x_wconf 94' lang='lat' dir='ltr'>Auli</span> <span class='ocrx_word' id='word_1_271' title='bbox 734 2188 792 2232; x_wconf 89' lang='lat' dir='ltr'>fil.</span> <span class='ocrx_word' id='word_1_272' title='bbox 823 2193 850 2232; x_wconf 90' lang='lat' dir='ltr'>t.</span> <span class='ocrx_word' id='word_1_273' title='bbox 872 2193 898 2231; x_wconf 90' lang='lat'><strong><em>1</em></strong></span> <span class='ocrx_word' id='word_1_274' title='bbox 928 2188 1196 2242; x_wconf 80' lang='lat' dir='ltr'>(collocatum</span> <span class='ocrx_word' id='word_1_275' title='bbox 1217 2192 1319 2244; x_wconf 83' lang='lat' dir='ltr'>post</span> <span class='ocrx_word' id='word_1_276' title='bbox 1342 2188 1549 2243; x_wconf 78' lang='lat' dir='ltr'>Pompilii</span> <span class='ocrx_word' id='word_1_277' title='bbox 1571 2189 1751 2245; x_wconf 86' lang='lat' dir='ltr'>nomen).</span> <span class='ocrx_word' id='word_1_278' title='bbox 1802 2186 1941 2229; x_wconf 85' lang='lat' dir='ltr'>Tribu</span> 
     </span>
     <span class='ocr_line' id='line_1_30' title="bbox 212 2255 1941 2303; baseline -0.004 0"><span class='ocrx_word' id='word_1_279' title='bbox 212 2259 413 2303; x_wconf 83' lang='lat' dir='ltr'>Cornelia</span> <span class='ocrx_word' id='word_1_280' title='bbox 443 2262 471 2303; x_wconf 92' lang='lat' dir='ltr'>t.</span> <span class='ocrx_word' id='word_1_281' title='bbox 502 2262 541 2301; x_wconf 88' lang='lat'>1.</span> <span class='ocrx_word' id='word_1_282' title='bbox 601 2258 837 2300; x_wconf 87' lang='lat' dir='ltr'>Decemvir</span> <span class='ocrx_word' id='word_1_283' title='bbox 866 2257 1054 2301; x_wconf 89' lang='lat' dir='ltr'>stlitibus</span> <span class='ocrx_word' id='word_1_284' title='bbox 1084 2257 1329 2300; x_wconf 87' lang='lat' dir='ltr'>iudicandis</span> <span class='ocrx_word' id='word_1_285' title='bbox 1361 2261 1388 2299; x_wconf 88' lang='lat' dir='ltr'>t.</span> <span class='ocrx_word' id='word_1_286' title='bbox 1410 2261 1449 2299; x_wconf 89' lang='lat'>1.</span> <span class='ocrx_word' id='word_1_287' title='bbox 1500 2256 1721 2299; x_wconf 84' lang='lat' dir='ltr'>Tribunus</span> <span class='ocrx_word' id='word_1_288' title='bbox 1752 2255 1941 2297; x_wconf 88' lang='lat' dir='ltr'>militum</span> 
     </span>
     <span class='ocr_line' id='line_1_31' title="bbox 213 2324 1939 2383; baseline -0.003 -13"><span class='ocrx_word' id='word_1_289' title='bbox 213 2327 410 2383; x_wconf 84' lang='lat' dir='ltr'>[legionis</span> <span class='ocrx_word' id='word_1_290' title='bbox 432 2360 442 2369; x_wconf 89' lang='lat'><strong>.</strong></span> <span class='ocrx_word' id='word_1_291' title='bbox 460 2360 470 2369; x_wconf 92' lang='lat'><strong>.</strong></span> <span class='ocrx_word' id='word_1_292' title='bbox 488 2360 498 2369; x_wconf 90' lang='lat'><strong>.</strong></span> <span class='ocrx_word' id='word_1_293' title='bbox 517 2326 555 2381; x_wconf 88' lang='lat'>.]‚</span> <span class='ocrx_word' id='word_1_294' title='bbox 588 2327 692 2369; x_wconf 89' lang='lat' dir='ltr'>item</span> <span class='ocrx_word' id='word_1_295' title='bbox 711 2326 800 2369; x_wconf 89' lang='lat' dir='ltr'>XV</span> <span class='ocrx_word' id='word_1_296' title='bbox 821 2326 1085 2383; x_wconf 85' lang='lat' dir='ltr'>Apollinaris</span> <span class='ocrx_word' id='word_1_297' title='bbox 1117 2330 1144 2370; x_wconf 92' lang='lat' dir='ltr'>t.</span> <span class='ocrx_word' id='word_1_298' title='bbox 1167 2330 1206 2370; x_wconf 89' lang='lat'>1.</span> <span class='ocrx_word' id='word_1_299' title='bbox 1228 2330 1270 2370; x_wconf 88' lang='grc'><em>2.</em></span> <span class='ocrx_word' id='word_1_300' title='bbox 1318 2325 1533 2378; x_wconf 78' lang='lat' dir='ltr'>Quaestor</span> <span class='ocrx_word' id='word_1_301' title='bbox 1562 2324 1754 2367; x_wconf 89' lang='lat' dir='ltr'>urbanus</span> <span class='ocrx_word' id='word_1_302' title='bbox 1785 2327 1812 2367; x_wconf 92' lang='lat' dir='ltr'>t.</span> <span class='ocrx_word' id='word_1_303' title='bbox 1834 2327 1873 2366; x_wconf 86' lang='lat'>1.</span> <span class='ocrx_word' id='word_1_304' title='bbox 1896 2327 1939 2367; x_wconf 86' lang='grc'><em>2.</em></span> 
     </span>
     <span class='ocr_line' id='line_1_32' title="bbox 213 2392 1940 2452; baseline -0.002 -14"><span class='ocrx_word' id='word_1_305' title='bbox 213 2396 422 2439; x_wconf 89' lang='lat' dir='ltr'>Adlectus</span> <span class='ocrx_word' id='word_1_306' title='bbox 453 2397 566 2438; x_wconf 87' lang='lat' dir='ltr'>inter</span> <span class='ocrx_word' id='word_1_307' title='bbox 596 2395 873 2450; x_wconf 75' lang='lat' dir='ltr'>tribunici083</span> <span class='ocrx_word' id='word_1_308' title='bbox 914 2402 1089 2452; x_wconf 85' lang='lat' dir='ltr'>praetor</span> <span class='ocrx_word' id='word_1_309' title='bbox 1128 2395 1383 2437; x_wconf 88' lang='lat' dir='ltr'>candidatus</span> <span class='ocrx_word' id='word_1_310' title='bbox 1413 2394 1732 2449; x_wconf 74' lang='lat' dir='ltr'>Augustorumt,</span> <span class='ocrx_word' id='word_1_311' title='bbox 1773 2392 1940 2447; x_wconf 88' lang='lat' dir='ltr'>legatus</span> 
     </span>
     <span class='ocr_line' id='line_1_33' title="bbox 213 2462 1940 2520; baseline -0.003 -13"><span class='ocrx_word' id='word_1_312' title='bbox 213 2465 395 2520; x_wconf 87' lang='lat' dir='ltr'>legionis</span> <span class='ocrx_word' id='word_1_313' title='bbox 424 2465 539 2507; x_wconf 92' lang='lat' dir='ltr'><strong>XIII</strong></span> <span class='ocrx_word' id='word_1_314' title='bbox 570 2465 780 2508; x_wconf 84' lang='lat' dir='ltr'>Geminae</span> <span class='ocrx_word' id='word_1_315' title='bbox 811 2467 840 2506; x_wconf 88' lang='lat' dir='ltr'>t.</span> <span class='ocrx_word' id='word_1_316' title='bbox 871 2467 909 2508; x_wconf 90' lang='lat'>1.</span> <span class='ocrx_word' id='word_1_317' title='bbox 940 2467 992 2514; x_wconf 88' lang='grc'><em>2,</em></span> <span class='ocrx_word' id='word_1_318' title='bbox 1035 2465 1137 2506; x_wconf 90' lang='lat' dir='ltr'>item</span> <span class='ocrx_word' id='word_1_319' title='bbox 1168 2463 1260 2506; x_wconf 92' lang='lat' dir='ltr'><strong>IIII</strong></span> <span class='ocrx_word' id='word_1_320' title='bbox 1288 2463 1468 2505; x_wconf 84' lang='lat' dir='ltr'>Flaviae</span> <span class='ocrx_word' id='word_1_321' title='bbox 1499 2466 1528 2504; x_wconf 88' lang='lat' dir='ltr'>t.</span> <span class='ocrx_word' id='word_1_322' title='bbox 1558 2466 1601 2506; x_wconf 92' lang='grc'>2.</span> <span class='ocrx_word' id='word_1_323' title='bbox 1661 2462 1940 2517; x_wconf 86' lang='lat' dir='ltr'>Praepositus</span> 
     </span>
     <span class='ocr_line' id='line_1_34' title="bbox 213 2522 1937 2589; baseline -0.003 -14"><span class='ocrx_word' id='word_1_324' title='bbox 213 2533 456 2589; x_wconf 84' lang='lat' dir='ltr'>legionibus</span> <span class='ocrx_word' id='word_1_325' title='bbox 476 2533 498 2575; x_wconf 95' lang='lat' dir='ltr'>I</span> <span class='ocrx_word' id='word_1_326' title='bbox 519 2532 696 2575; x_wconf 83' lang='lat' dir='ltr'>Italicae</span> <span class='ocrx_word' id='word_1_327' title='bbox 727 2539 770 2574; x_wconf 91' lang='lat' dir='ltr'>et</span> <span class='ocrx_word' id='word_1_328' title='bbox 789 2533 880 2574; x_wconf 93' lang='lat' dir='ltr'><strong>IIII</strong></span> <span class='ocrx_word' id='word_1_329' title='bbox 899 2532 1079 2574; x_wconf 86' lang='lat' dir='ltr'>Flaviae</span> <span class='ocrx_word' id='word_1_330' title='bbox 1110 2547 1208 2574; x_wconf 92' lang='lat' dir='ltr'>cum</span> <span class='ocrx_word' id='word_1_331' title='bbox 1239 2531 1452 2586; x_wconf 90' lang='lat' dir='ltr'>[omnibus</span> <span class='ocrx_word' id='word_1_332' title='bbox 1482 2530 1632 2587; x_wconf 90' lang='lat' dir='ltr'>copiis]</span> <span class='ocrx_word' id='word_1_333' title='bbox 1664 2522 1937 2581; x_wconf 60' lang='lat' dir='ltr'>auxiliorum,</span> 
     </span>
     <span class='ocr_line' id='line_1_35' title="bbox 214 2598 1942 2656; baseline -0.003 -11"><span class='ocrx_word' id='word_1_334' title='bbox 214 2602 314 2645; x_wconf 89' lang='lat' dir='ltr'>dato</span> <span class='ocrx_word' id='word_1_335' title='bbox 343 2603 438 2644; x_wconf 87' lang='lat' dir='ltr'>iure</span> <span class='ocrx_word' id='word_1_336' title='bbox 466 2601 600 2656; x_wconf 86' lang='lat' dir='ltr'>gladii</span> <span class='ocrx_word' id='word_1_337' title='bbox 633 2604 661 2645; x_wconf 88' lang='lat' dir='ltr'>t.</span> <span class='ocrx_word' id='word_1_338' title='bbox 683 2604 722 2645; x_wconf 90' lang='lat'>1.</span> <span class='ocrx_word' id='word_1_339' title='bbox 743 2604 787 2644; x_wconf 88' lang='grc'><em>2.</em></span> <span class='ocrx_word' id='word_1_340' title='bbox 838 2601 1029 2656; x_wconf 86' lang='lat' dir='ltr'>Legatus</span> <span class='ocrx_word' id='word_1_341' title='bbox 1060 2601 1172 2656; x_wconf 88' lang='lat' dir='ltr'>Aug.</span> <span class='ocrx_word' id='word_1_342' title='bbox 1206 2599 1282 2653; x_wconf 81' lang='lat' dir='ltr'>(sio</span> <span class='ocrx_word' id='word_1_343' title='bbox 1313 2603 1340 2642; x_wconf 79' lang='lat' dir='ltr'>t.</span> <span class='ocrx_word' id='word_1_344' title='bbox 1361 2600 1406 2653; x_wconf 91' lang='grc'><em>4)</em></span> <span class='ocrx_word' id='word_1_345' title='bbox 1437 2598 1507 2641; x_wconf 89' lang='lat' dir='ltr'>vel</span> <span class='ocrx_word' id='word_1_346' title='bbox 1538 2599 1833 2653; x_wconf 87' lang='lat' dir='ltr'>Augustorum</span> <span class='ocrx_word' id='word_1_347' title='bbox 1865 2598 1942 2652; x_wconf 72' lang='lat' dir='ltr'>(sio</span> 
     </span>
     <span class='ocr_line' id='line_1_36' title="bbox 210 2666 1940 2726; baseline -0.003 -13"><span class='ocrx_word' id='word_1_348' title='bbox 210 2684 375 2726; x_wconf 78' lang='lat' dir='ltr'>persor.</span> <span class='ocrx_word' id='word_1_349' title='bbox 407 2673 436 2712; x_wconf 90' lang='lat' dir='ltr'>t.</span> <span class='ocrx_word' id='word_1_350' title='bbox 466 2673 505 2713; x_wconf 90' lang='lat'>1.</span> <span class='ocrx_word' id='word_1_351' title='bbox 537 2672 580 2726; x_wconf 90' lang='lat'>5)</span> <span class='ocrx_word' id='word_1_352' title='bbox 615 2684 695 2726; x_wconf 90' lang='lat' dir='ltr'>pro</span> <span class='ocrx_word' id='word_1_353' title='bbox 725 2684 790 2725; x_wconf 89' lang='lat' dir='ltr'>pr.</span> <span class='ocrx_word' id='word_1_354' title='bbox 822 2668 1003 2724; x_wconf 85' lang='lat' dir='ltr'>legionis</span> <span class='ocrx_word' id='word_1_355' title='bbox 1034 2669 1101 2711; x_wconf 92' lang='lat' dir='ltr'>III</span> <span class='ocrx_word' id='word_1_356' title='bbox 1130 2668 1355 2723; x_wconf 85' lang='lat' dir='ltr'>Augustae</span> <span class='ocrx_word' id='word_1_357' title='bbox 1386 2671 1414 2710; x_wconf 79' lang='lat' dir='ltr'>t.</span> <span class='ocrx_word' id='word_1_358' title='bbox 1436 2672 1474 2710; x_wconf 85' lang='lat'>1.</span> <span class='ocrx_word' id='word_1_359' title='bbox 1505 2671 1548 2712; x_wconf 90' lang='grc'><em>2.</em></span> <span class='ocrx_word' id='word_1_360' title='bbox 1578 2670 1617 2710; x_wconf 89' lang='grc'>3.</span> <span class='ocrx_word' id='word_1_361' title='bbox 1646 2671 1685 2709; x_wconf 93' lang='grc'><em>4.</em></span> <span class='ocrx_word' id='word_1_362' title='bbox 1716 2669 1756 2717; x_wconf 85' lang='grc'>5,</span> <span class='ocrx_word' id='word_1_363' title='bbox 1787 2682 1825 2708; x_wconf 89' lang='lat' dir='ltr'>a.</span> <span class='ocrx_word' id='word_1_364' title='bbox 1860 2666 1940 2708; x_wconf 83' lang='grc'><em>176</em></span> 
     </span>
     <span class='ocr_line' id='line_1_37' title="bbox 213 2735 1942 2795; baseline -0.004 -13"><span class='ocrx_word' id='word_1_365' title='bbox 213 2743 242 2782; x_wconf 87' lang='lat' dir='ltr'>t.</span> <span class='ocrx_word' id='word_1_366' title='bbox 267 2742 307 2790; x_wconf 91' lang='grc'><em>4,</em></span> <span class='ocrx_word' id='word_1_367' title='bbox 338 2745 437 2795; x_wconf 87' lang='lat' dir='ltr'>post</span> <span class='ocrx_word' id='word_1_368' title='bbox 465 2753 503 2782; x_wconf 91' lang='lat' dir='ltr'>a.</span> <span class='ocrx_word' id='word_1_369' title='bbox 528 2738 610 2781; x_wconf 92' lang='grc'><em>176</em></span> <span class='ocrx_word' id='word_1_370' title='bbox 640 2737 863 2793; x_wconf 75' lang='grc'><em>(1771180)</em></span> <span class='ocrx_word' id='word_1_371' title='bbox 893 2741 921 2781; x_wconf 86' lang='lat' dir='ltr'>t.</span> <span class='ocrx_word' id='word_1_372' title='bbox 941 2741 981 2780; x_wconf 86' lang='lat'>3.</span> <span class='ocrx_word' id='word_1_373' title='bbox 1032 2736 1196 2779; x_wconf 84' lang='lat' dir='ltr'>Consul</span> <span class='ocrx_word' id='word_1_374' title='bbox 1226 2736 1478 2791; x_wconf 86' lang='lat' dir='ltr'>designatus</span> <span class='ocrx_word' id='word_1_375' title='bbox 1510 2739 1538 2778; x_wconf 82' lang='lat' dir='ltr'>t.</span> <span class='ocrx_word' id='word_1_376' title='bbox 1565 2739 1590 2777; x_wconf 90' lang='lat'><strong><em>1</em></strong></span> <span class='ocrx_word' id='word_1_377' title='bbox 1621 2735 1781 2790; x_wconf 80' lang='lat' dir='ltr'>(consul</span> <span class='ocrx_word' id='word_1_378' title='bbox 1810 2735 1942 2789; x_wconf 68' lang='lat' dir='ltr'>iqitnr</span> 
     </span>
     <span class='ocr_line' id='line_1_38' title="bbox 210 2806 1268 2862; baseline -0.003 -12"><span class='ocrx_word' id='word_1_379' title='bbox 210 2808 296 2862; x_wconf 79' lang='lat' dir='ltr'>fuit</span> <span class='ocrx_word' id='word_1_380' title='bbox 326 2810 401 2850; x_wconf 88' lang='lat' dir='ltr'>aut</span> <span class='ocrx_word' id='word_1_381' title='bbox 433 2810 604 2850; x_wconf 77' lang='lat' dir='ltr'>exeunte</span> <span class='ocrx_word' id='word_1_382' title='bbox 635 2821 674 2851; x_wconf 87' lang='grc' dir='ltr'>α.</span> <span class='ocrx_word' id='word_1_383' title='bbox 696 2810 780 2848; x_wconf 92' lang='grc'>177</span> <span class='ocrx_word' id='word_1_384' title='bbox 809 2809 884 2849; x_wconf 89' lang='lat' dir='ltr'>aut</span> <span class='ocrx_word' id='word_1_385' title='bbox 904 2806 1058 2861; x_wconf 83' lang='lat' dir='ltr'>paullo</span> <span class='ocrx_word' id='word_1_386' title='bbox 1083 2806 1268 2861; x_wconf 85' lang='lat' dir='ltr'>postea).</span> 
     </span>
    </p>

    <p class='ocr_par' dir='ltr' id='par_1_9' title="bbox 125 2871 1940 3067">
     <span class='ocr_line' id='line_1_39' title="bbox 125 2871 1940 2931; baseline -0.004 -12"><span class='ocrx_word' id='word_1_387' title='bbox 125 2877 211 2920; x_wconf 76' lang='grc'>323</span> <span class='ocrx_word' id='word_1_388' title='bbox 242 2883 284 2919; x_wconf 87' lang='lat' dir='ltr'>C.</span> <span class='ocrx_word' id='word_1_389' title='bbox 305 2875 814 2931; x_wconf 85' lang='lat' dir='ltr'><strong>IVL(1VS)POMPON1VS</strong></span> <span class='ocrx_word' id='word_1_390' title='bbox 845 2881 1041 2917; x_wconf 88' lang='lat' dir='ltr'><strong>PVDENS</strong></span> <span class='ocrx_word' id='word_1_391' title='bbox 1075 2880 1390 2917; x_wconf 82' lang='lat' dir='ltr'><strong>SEVERIANVS</strong></span> <span class='ocrx_word' id='word_1_392' title='bbox 1413 2874 1482 2914; x_wconf 80' lang='lat' dir='ltr'>Vir</span> <span class='ocrx_word' id='word_1_393' title='bbox 1512 2871 1788 2921; x_wconf 74' lang='lat' dir='ltr'>clarissimus,</span> <span class='ocrx_word' id='word_1_394' title='bbox 1821 2885 1940 2927; x_wconf 79' lang='lat' dir='ltr'>prae-</span> 
     </span>
     <span class='ocr_line' id='line_1_40' title="bbox 213 2938 1940 2999; baseline -0.005 -12"><span class='ocrx_word' id='word_1_395' title='bbox 213 2950 281 2986; x_wconf 82' lang='lat' dir='ltr'>tor</span> <span class='ocrx_word' id='word_1_396' title='bbox 301 2944 504 2999; x_wconf 87' lang='lat' dir='ltr'>urbanus,</span> <span class='ocrx_word' id='word_1_397' title='bbox 526 2943 708 2986; x_wconf 86' lang='lat' dir='ltr'>Herculi</span> <span class='ocrx_word' id='word_1_398' title='bbox 729 2958 900 2986; x_wconf 89' lang='lat' dir='ltr'>sacrum</span> <span class='ocrx_word' id='word_1_399' title='bbox 921 2943 1022 2986; x_wconf 86' lang='lat' dir='ltr'>fecit</span> <span class='ocrx_word' id='word_1_400' title='bbox 1043 2943 1098 2986; x_wconf 91' lang='lat' dir='ltr'>ad</span> <span class='ocrx_word' id='word_1_401' title='bbox 1124 2957 1244 2985; x_wconf 88' lang='lat' dir='ltr'>aram</span> <span class='ocrx_word' id='word_1_402' title='bbox 1270 2942 1505 2984; x_wconf 87' lang='lat' dir='ltr'>maximam</span> <span class='ocrx_word' id='word_1_403' title='bbox 1533 2940 1600 2982; x_wconf 91' lang='lat' dir='ltr'>VI</span> <span class='ocrx_word' id='word_1_404' title='bbox 1612 2943 1708 2983; x_wconf 84' lang='grc'><em>317.</em></span> <span class='ocrx_word' id='word_1_405' title='bbox 1767 2938 1940 2982; x_wconf 71' lang='lat' dir='ltr'>Videtur</span> 
     </span>
     <span class='ocr_line' id='line_1_41' title="bbox 211 3012 933 3067; baseline 0.001 -12"><span class='ocrx_word' id='word_1_406' title='bbox 211 3013 366 3056; x_wconf 61' lang='lat' dir='ltr'>vixisse</span> <span class='ocrx_word' id='word_1_407' title='bbox 393 3012 560 3056; x_wconf 80' lang='lat' dir='ltr'>saeculo</span> <span class='ocrx_word' id='word_1_408' title='bbox 582 3027 632 3067; x_wconf 90' lang='lat' dir='ltr'>p.</span> <span class='ocrx_word' id='word_1_409' title='bbox 661 3012 765 3057; x_wconf 82' lang='lat' dir='ltr'>Chr.</span> <span class='ocrx_word' id='word_1_410' title='bbox 798 3013 933 3056; x_wconf 84' lang='lat' dir='ltr'>tertio.</span> 
     </span>
    </p>

    <p class='ocr_par' dir='ltr' id='par_1_10' title="bbox 126 3075 1939 3410">
     <span class='ocr_line' id='line_1_42' title="bbox 126 3075 1938 3135; baseline -0.005 -11"><span class='ocrx_word' id='word_1_411' title='bbox 126 3082 212 3124; x_wconf 85' lang='lat'>324</span> <span class='ocrx_word' id='word_1_412' title='bbox 242 3081 344 3124; x_wconf 84' lang='lat' dir='ltr'>Sex.</span> <span class='ocrx_word' id='word_1_413' title='bbox 379 3080 518 3124; x_wconf 91' lang='lat' dir='ltr'>Iulius</span> <span class='ocrx_word' id='word_1_414' title='bbox 557 3082 783 3124; x_wconf 87' lang='lat' dir='ltr'>Possessor</span> <span class='ocrx_word' id='word_1_415' title='bbox 817 3080 918 3123; x_wconf 84' lang='lat' dir='ltr'>Sex.</span> <span class='ocrx_word' id='word_1_416' title='bbox 950 3080 1002 3135; x_wconf 86' lang='lat' dir='ltr'>f.,</span> <span class='ocrx_word' id='word_1_417' title='bbox 1045 3079 1146 3123; x_wconf 86' lang='lat' dir='ltr'>trib.</span> <span class='ocrx_word' id='word_1_418' title='bbox 1178 3079 1324 3133; x_wconf 67' lang='lat' dir='ltr'>Quin,</span> <span class='ocrx_word' id='word_1_419' title='bbox 1366 3077 1611 3135; x_wconf 86' lang='lat' dir='ltr'>praefectus</span> <span class='ocrx_word' id='word_1_420' title='bbox 1652 3075 1840 3118; x_wconf 90' lang='lat' dir='ltr'>cohortis</span> <span class='ocrx_word' id='word_1_421' title='bbox 1871 3075 1938 3116; x_wconf 94' lang='lat' dir='ltr'>III</span> 
     </span>
     <span class='ocr_line' id='line_1_43' title="bbox 214 3141 1939 3206; baseline -0.006 -13"><span class='ocrx_word' id='word_1_422' title='bbox 214 3148 460 3204; x_wconf 83' lang='lat' dir='ltr'>Gallorum,</span> <span class='ocrx_word' id='word_1_423' title='bbox 515 3150 785 3206; x_wconf 85' lang='lat' dir='ltr'>praepositus</span> <span class='ocrx_word' id='word_1_424' title='bbox 845 3150 1012 3191; x_wconf 86' lang='lat' dir='ltr'>numeri</span> <span class='ocrx_word' id='word_1_425' title='bbox 1065 3149 1276 3204; x_wconf 89' lang='lat' dir='ltr'>Syrorum</span> <span class='ocrx_word' id='word_1_426' title='bbox 1324 3146 1645 3202; x_wconf 85' lang='lat' dir='ltr'>sagittariorum</span> <span class='ocrx_word' id='word_1_427' title='bbox 1694 3145 1797 3185; x_wconf 87' lang='lat' dir='ltr'>item</span> <span class='ocrx_word' id='word_1_428' title='bbox 1845 3141 1939 3184; x_wconf 86' lang='lat' dir='ltr'>alac</span> 
     </span>
     <span class='ocr_line' id='line_1_44' title="bbox 213 3210 1938 3275; baseline -0.006 -15"><span class='ocrx_word' id='word_1_429' title='bbox 213 3218 379 3274; x_wconf 88' lang='lat' dir='ltr'>primae</span> <span class='ocrx_word' id='word_1_430' title='bbox 407 3218 725 3275; x_wconf 87' lang='lat' dir='ltr'>Hispanorum,</span> <span class='ocrx_word' id='word_1_431' title='bbox 757 3223 931 3260; x_wconf 84' lang='lat' dir='ltr'>curator</span> <span class='ocrx_word' id='word_1_432' title='bbox 961 3217 1150 3258; x_wconf 86' lang='lat' dir='ltr'>civitatis</span> <span class='ocrx_word' id='word_1_433' title='bbox 1181 3214 1528 3266; x_wconf 75' lang='lat' dir='ltr'>Romulensium‚</span> <span class='ocrx_word' id='word_1_434' title='bbox 1561 3211 1826 3266; x_wconf 90' lang='lat' dir='ltr'>m(unicipii)</span> <span class='ocrx_word' id='word_1_435' title='bbox 1859 3210 1938 3251; x_wconf 85' lang='lat' dir='ltr'>Ar·</span> 
     </span>
     <span class='ocr_line' id='line_1_45' title="bbox 213 3276 1936 3341; baseline -0.006 -13"><span class='ocrx_word' id='word_1_436' title='bbox 213 3288 411 3330; x_wconf 89' lang='lat' dir='ltr'>vensium</span> <span class='ocrx_word' id='word_1_437' title='bbox 442 3284 514 3341; x_wconf 81' lang='lat' dir='ltr'>(ef.</span> <span class='ocrx_word' id='word_1_438' title='bbox 545 3286 748 3329; x_wconf 86' lang='lat' dir='ltr'>Huebner</span> <span class='ocrx_word' id='word_1_439' title='bbox 774 3285 821 3330; x_wconf 81' lang='lat' dir='ltr'>O.</span> <span class='ocrx_word' id='word_1_440' title='bbox 853 3286 914 3328; x_wconf 94' lang='lat' dir='ltr'>II</span> <span class='ocrx_word' id='word_1_441' title='bbox 931 3300 976 3340; x_wconf 90' lang='lat' dir='ltr'>p.</span> <span class='ocrx_word' id='word_1_442' title='bbox 1005 3284 1115 3335; x_wconf 87' lang='grc'><em>138),</em></span> <span class='ocrx_word' id='word_1_443' title='bbox 1157 3284 1356 3327; x_wconf 88' lang='lat' dir='ltr'>tribunus</span> <span class='ocrx_word' id='word_1_444' title='bbox 1394 3281 1498 3336; x_wconf 92' lang='lat' dir='ltr'>mi[l.</span> <span class='ocrx_word' id='word_1_445' title='bbox 1529 3280 1628 3333; x_wconf 69' lang='lat' dir='ltr'>leg]</span> <span class='ocrx_word' id='word_1_446' title='bbox 1659 3279 1749 3320; x_wconf 89' lang='lat' dir='ltr'>XII</span> <span class='ocrx_word' id='word_1_447' title='bbox 1778 3276 1936 3319; x_wconf 86' lang='lat' dir='ltr'>Fulmi-</span> 
     </span>
     <span class='ocr_line' id='line_1_46' title="bbox 213 3345 1938 3410; baseline -0.007 -12"><span class='ocrx_word' id='word_1_448' title='bbox 213 3361 361 3410; x_wconf 83' lang='lat' dir='ltr'>natae,</span> <span class='ocrx_word' id='word_1_449' title='bbox 404 3361 578 3398; x_wconf 85' lang='lat' dir='ltr'>curator</span> <span class='ocrx_word' id='word_1_450' title='bbox 617 3354 811 3397; x_wconf 90' lang='lat' dir='ltr'>coloniae</span> <span class='ocrx_word' id='word_1_451' title='bbox 850 3354 1106 3396; x_wconf 88' lang='lat' dir='ltr'>Arcensium</span> <span class='ocrx_word' id='word_1_452' title='bbox 1147 3352 1330 3408; x_wconf 72' lang='lat' dir='ltr'>(ridetur</span> <span class='ocrx_word' id='word_1_453' title='bbox 1358 3349 1598 3405; x_wconf 76' lang='lat' dir='ltr'>siynifi-eari</span> <span class='ocrx_word' id='word_1_454' title='bbox 1625 3347 1790 3389; x_wconf 78' lang='lat' dir='ltr'>colonia</span> <span class='ocrx_word' id='word_1_455' title='bbox 1818 3345 1938 3387; x_wconf 76' lang='lat' dir='ltr'>Area</span> 
     </span>
    </p>
   </div>
  </div>
 </body>
</html>
