2202 3724
160 293 366 330 MANNVS
1024 289 1103 332 331
1697 297 1972 332 MARCELLA
1991 292 1993 295 “

250 424 311 469 ed.
348 424 560 468 Tbe'venot
578 440 627 480 p.
645 426 759 481 300).
820 426 1065 482 Sagittandi
1097 427 1259 483 peritus
1291 427 1530 481 Africanus
1560 427 1586 470 l.
1619 441 1652 469 e.
1708 427 1855 470 Filius
1883 428 1973 471 sine

247 493 374 536 dubio
403 494 454 535 L.
475 493 594 536 Aelii
616 494 790 537 Aurelii
818 495 1019 549 Septimii
1042 495 1215 550 Abqari
1239 496 1352 550 reyis
1381 495 1690 539 Osrhoenorum
1721 497 1974 550 temporibus

242 559 457 604 Commodi
495 565 533 604 et
574 563 774 617 Septimii
809 563 966 606 Severi.
1033 563 1140 606 Cum
1177 578 1308 617 neque
1348 565 1393 606 in
1431 563 1519 606 illis
1557 565 1738 606 nummis
1765 578 1896 618 neque
1926 565 1971 607 in

246 628 347 671 aliis
386 629 555 672 dicatur
592 645 689 682 rese,
727 631 956 685 probabile
1000 635 1060 674 est
1101 646 1194 674 eum
1236 631 1455 674 decessisse
1495 636 1592 674 ante
1623 636 1806 686 patrern.
1865 633 1972 676 Gut-

245 697 408 740 sehmid
455 701 593 741 tamen
644 698 832 751 (Unters.
879 700 983 741 iiber
1021 699 1088 741 die
1134 699 1283 742 Geseh.
1335 700 1405 742 des
1455 700 1737 755 Koniyreiehs
1790 701 1972 744 Osroene

246 780 292 820 p.
314 766 385 820 44)
417 767 593 809 coniecit
622 782 714 810 eum
741 781 827 810 non
855 768 1066 827 diversum*
1089 768 1221 822 fuisse
1251 768 1305 810 ab
1337 782 1383 810 eo
1410 768 1598 818 Manno,
1629 783 1750 822 quem
1778 769 1972 812 ultimum

244 849 381 888 reyem
400 834 589 878 Edessae
608 836 751 890 fuisse,
783 837 1022 890 reynavisse
1052 839 1192 878 autem
1213 851 1297 890 per
1327 849 1460 878 annos
1488 837 1641 891 viyinti
1668 850 1753 887 sex,
1786 837 1973 879 traditur

243 903 289 945 in
327 902 523 946 chronico
559 903 763 959 Dionysii
797 903 1151 947 Telmahariensis
1182 902 1268 959 (ap.
1296 904 1514 959 Sieyfried
1541 908 1581 947 et
1617 904 1766 948 Geleer
1793 906 1974 949 Eusebii

245 985 452 1013 canonum
482 972 579 1026 epit.
602 987 650 1026 p.
679 975 745 1014 67.
775 975 852 1023 71,·
882 973 936 1026 ef.
971 972 1222 1015 Gutsehmid
1249 972 1275 1014 l.
1308 986 1339 1015 o.
1364 987 1411 1027 p.
1433 975 1499 1029 6),·
1536 987 1628 1015 eum
1656 988 1795 1029 reyem
1824 975 1968 1028 fuisse,

244 1039 317 1082 sed
342 1040 509 1082 nomine
539 1043 703 1082 tantum
735 1043 866 1091 tenus,
900 1041 954 1084 ab
986 1054 1098 1083 anno
1118 1044 1205 1084 216
1235 1041 1294 1083 ad
1323 1056 1364 1083 a.
1384 1046 1487 1086 242.
1544 1041 1776 1085 Praeterea
1798 1044 1973 1086 coniecit

247 1107 498 1150 Gutsehmid
526 1106 593 1162 (p.
614 1108 698 1162 44),
731 1108 904 1150 eundem
935 1109 1092 1151 dietum
1122 1123 1208 1151 esse
1238 1111 1365 1152 etiam
1394 1110 1672 1161 Antoninum,
1702 1111 1859 1153 scilieet
1887 1126 1972 1154 non

244 1176 454 1218 diversum
491 1177 544 1218 ab
575 1176 796 1219 Antonino
826 1177 977 1231 (supra
1006 1177 1049 1219 A
1079 1177 1178 1231 625)
1207 1179 1318 1232 reyis
1347 1178 1520 1233 Abyari
1546 1179 1650 1233 filio,
1691 1180 1765 1233 qui
1792 1179 1970 1234 Abyaro

243 1244 390 1298 fratri,
423 1243 618 1297 defuneto
649 1258 858 1287 annorum
885 1246 1038 1300 viqinti
1065 1259 1150 1296 sex,
1183 1246 1442 1300 epitaphium
1462 1248 1611 1301 posuit
1640 1247 1803 1290 Romae
1832 1248 1970 1291 Inser.

243 1311 321 1355 Gr.
336 1312 457 1355 Sieil.
466 1312 568 1354 Ital.
587 1315 706 1355 1315.
737 1312 969 1367 (Imayines
978 1313 1150 1368 Abyari
1163 1317 1203 1356 et
1216 1314 1302 1368 filii
1315 1315 1404 1357 eius
1414 1315 1570 1369 Maqni
1586 1342 1637 1346 —
1655 1329 1734 1357 ser.
1745 1316 1906 1358 Manni
1916 1342 1967 1346 —

241 1380 430 1423 Edessae
450 1383 709 1423 monstratae
729 1380 892 1424 Silviae
911 1381 1170 1435 Aquitanae,
1191 1382 1346 1437 Rufini
1365 1383 1548 1426 consulis
1574 1397 1686 1426 anno
1705 1387 1790 1427 392
1816 1387 1967 1436 sorori,

243 1449 298 1503 ef.
330 1449 376 1492 S.
404 1449 565 1492 Silviae
584 1450 877 1504 pereyrinatio
897 1465 946 1504 p.
970 1453 1023 1493 65
1050 1450 1112 1493 ed.
1141 1450 1399 1493 Gamurrini
1427 1466 1466 1496 a.
1488 1451 1628 1506 1887).
1654 1478 1707 1482 —
1738 1453 1812 1495 Ex
1839 1454 1971 1508 stirpe

242 1517 392 1560 horum
417 1521 520 1572 puto
552 1518 817 1561 Mannorum
845 1519 896 1561 L.
930 1518 1165 1576 Septimius
1196 1520 1383 1562 Mannus
1414 1520 1676 1564 clarissimus
1705 1523 1796 1573 vir,
1828 1528 1971 1564 statua

241 1586 477 1629 honoratus
507 1601 534 1628 a
560 1586 741 1629 concilio
772 1588 1022 1643 provinciae
1052 1588 1290 1644 Hispaniae
1320 1589 1533 1631 citerioris
1562 1589 1624 1632 II
1644 1592 1770 1633 4125.

157 1656 239 1698 129
269 1655 467 1709 Mannus,
495 1654 686 1698 Arabum
706 1655 898 1698 Edessae
922 1657 1165 1699 vicinorum
1194 1656 1383 1712 regulus,
1417 1657 1655 1700 Traianum
1676 1673 1776 1700 cum
1797 1659 1970 1701 Parthis

239 1723 402 1766 bellum
431 1730 655 1778 gerentem
685 1725 920 1767 convenire
948 1731 1119 1767 recusat
1147 1724 1236 1768 Dio
1267 1728 1332 1776 68,
1364 1729 1424 1769 21
1454 1725 1558 1778 (eoee.
1598 1726 1709 1783 Urs.)
1741 1728 1852 1782 (eum
1880 1728 1969 1770 Dio

237 1792 390 1847 paullo
411 1795 509 1834 ante
527 1794 821 1835 memoraverit
839 1792 1064 1848 Abgarum
1083 1794 1274 1836 Edessae
1294 1809 1443 1849 reyem,
1469 1795 1560 1838 noli
1588 1796 1774 1850 eoqitare
1795 1796 1844 1838 de
1875 1811 1969 1839 eon-

239 1861 405 1915 fusione
444 1875 537 1903 oum
573 1875 668 1916 reye
705 1861 847 1915 aliquo
876 1862 1092 1917 Edessae).
1150 1863 1339 1918 Legatos
1381 1865 1510 1906 mittit
1552 1865 1608 1906 ad
1644 1865 1882 1907 Traianum
1924 1866 1968 1907 in

239 1929 554 1985 Mesopotamia
583 1929 812 1985 degentem
840 1930 930 1973 Dio
961 1933 1027 1982 68,
1057 1935 1132 1975 22.

167 2023 225 2027 -
268 1998 528 2052 M(A)Eclvs
559 2004 782 2041 MANNVS.

111 2088 123 2090 ff
166 2091 224 2096 —
266 2073 312 2109 L.
343 2072 607 2109 SEPTIMIVS
637 2073 860 2112 MANNVS.

166 2159 224 2164 —
268 2167 278 2177 .
296 2167 306 2176 .
325 2141 464 2177 .NIVS
496 2141 689 2178 GALLVS
722 2139 795 2179 cet.
827 2143 1152 2180 MANSVANIVS
1177 2145 1536 2181 MARCELLINVS
1568 2143 1642 2183 cet.

166 2228 224 2233 —
267 2203 432 2246 Titinia
460 2203 701 2246 Mansueta.

166 2269 224 2302 ’-
270 2271 406 2314 Iulius
436 2271 704 2316 Mansuetus,

154 2341 237 2384 130
266 2348 310 2384 L.
351 2346 683 2383 MANTENNIVS
725 2347 935 2384 SABINVS
977 2342 1109 2397 (filius
1144 2346 1253 2397 puto
1299 2345 1388 2386 eius
1434 2345 1507 2398 qui
1545 2344 1760 2398 sequitur),
1807 2343 1966 2386 sodalis

237 2408 492 2464 Augustalis
521 2407 769 2463 Claudialis,
802 2411 1010 2465 magister
1040 2410 1207 2466 collegii
1239 2413 1412 2454 tertium
1443 2428 1480 2455 a.
1514 2414 1598 2455 214
1626 2413 1707 2455 XI
1711 2413 1888 2455 V2391.

156 2479 232 2521 131
267 2478 318 2520 L.
340 2478 617 2520 Mantennius
645 2478 844 2533 Sabinus,
878 2479 1078 2521 tribunus
1109 2479 1297 2522 cohortis
1328 2481 1482 2522 tertiae
1512 2482 1754 2537 praetoriae
1785 2485 1812 2526 t.
1835 2482 1966 2524 Prae-

237 2547 425 2589 nestinus
453 2546 534 2589 XI
538 2546 716 2590 V2955.
778 2547 1030 2590 Praefectus
1060 2547 1254 2605 Aegypti
1284 2565 1323 2592 a.
1349 2550 1429 2592 194
1460 2553 1487 2592 t.
1509 2549 1744 2605 Aeyyptius
1765 2565 1834 2605 ap.
1855 2551 1966 2593 Bor-

234 2615 425 2669 yhesium
464 2629 558 2670 opp.
587 2618 616 2657 8
645 2630 693 2670 p.
725 2619 836 2667 242,
873 2617 975 2658 item
1005 2632 1043 2659 a.
1074 2618 1158 2660 200
1186 2617 1333 2662 GIGr.
1364 2618 1498 2660 47010
1529 2618 1626 2660 add.
1668 2620 1724 2674 (si
1751 2634 1844 2662 vere
1874 2634 1963 2662 eum

236 2683 471 2738 Boryhesio
502 2683 529 2725 l.
561 2698 595 2726 e.
626 2684 903 2738 supplendum
933 2689 994 2728 est
1026 2719 1035 2728 .
1054 2719 1063 2728 .
1082 2719 1092 2728 .
1125 2686 1385 2743 [Σαβεί]νου).
1430 2687 1556 2730 Uxor
1581 2686 1736 2729 Flavia
1765 2687 1963 2742 Procilla,

238 2751 352 2793 filius
392 2752 445 2794 L.
485 2752 765 2795 Mantennius
797 2753 985 2796 Severus
1024 2754 1105 2797 XI
1109 2754 1295 2806 V2955;
1335 2756 1390 2809 ef.
1426 2759 1656 2810 praeterea
1693 2756 1770 2798 sub
1810 2771 1856 2798 eo
1896 2758 1968 2810 qui

237 2819 472 2874 praeeedit.

155 2888 235 2930 132
263 2888 316 2930 L.
347 2888 625 2931 Mantennius
655 2888 854 2944 Severus,
887 2891 979 2932 cius
1009 2892 1085 2947 qui
1114 2891 1337 2947 praecedit
1365 2891 1480 2934 filius
1510 2890 1772 2936 XIV2955.

164 2979 223 2986 —
266 2963 368 2998 IMP.
399 2963 462 3001 TI.
495 2957 780 3012 eL(AVD1vs)
810 2965 933 3003 MAR.
964 2965 1279 3003 PAOATIANVS
1310 2967 1425 3003 Ave.

165 3047 222 3054 -
264 3024 402 3067 Iulius
431 3025 670 3070 Marathus,

154 3093 235 3135 133
265 3099 404 3135 MARC
425 3126 434 3135 .
453 3126 462 3135 .
482 3125 491 3136 .
509 3127 518 3136 .
560 3093 727 3149 legatus
757 3110 836 3152 pro
869 3111 933 3152 pr.
963 3096 1154 3139 Arabiae
1184 3112 1222 3140 a.
1258 3098 1342 3141 239
1384 3101 1412 3140 t.
1442 3098 1686 3141 Bostrensis
1714 3099 1835 3142 CIG.
1858 3102 1965 3141 4644

237 3160 335 3205 add.
360 3180 415 3196 =
434 3161 901 3218 Lebas-Waddinyton
929 3167 1053 3207 1908.

165 3253 223 3258 -
265 3235 432 3271 VIRIVS
462 3235 840 3275 MARCARIANVS.

152 3297 235 3340 134
265 3297 493 3352 Marcella,
534 3300 756 3355 municeps
795 3300 1029 3357 Martialis,
1073 3317 1185 3359 quae
1229 3304 1268 3345 ei
1308 3303 1483 3346 domum
1524 3319 1697 3346 reverso
1738 3305 1963 3361 praedium

236 3364 414 3408 donavit
445 3366 646 3409 Martial.
672 3371 742 3418 12,
767 3371 838 3411 21.
859 3372 927 3412 31.
