2202 3724
134 295 378 332 OCTAVIVS
991 290 1076 333 429
1724 293 1940 329 OCTAVIA

219 425 328 468 iuris
368 425 584 468 consultos
624 425 680 468 ab
717 424 938 468 Antonino
979 426 1057 469 Pio
1093 425 1309 468 adhibitos
1335 425 1425 468 vita
1453 422 1530 468 Pii
1556 437 1591 467 c.
1624 426 1682 468 12
1708 424 1868 479 (errore
1895 426 1942 466 ut

220 494 416 549 videtur).
461 495 532 537 Ex
557 493 678 537 libris
700 495 791 537 eius
811 501 1016 552 excerpta
1046 495 1204 551 passim
1234 501 1385 537 extant
1409 494 1453 536 in
1474 494 1689 549 Digestisz,
1720 499 1943 550 praeterea

217 563 377 605 citatur
404 561 546 605 Gaius
573 566 613 613 3,
637 566 704 605 70.
774 562 998 618 Reliquias
1024 564 1277 618 scriptorum
1307 563 1397 605 eius
1427 562 1592 617 collegit
1621 561 1752 604 Lenel
1773 561 1941 616 palinq.

219 631 328 673 iuris
348 631 423 675 civ.
439 631 475 674 I
480 645 527 685 p.
549 635 640 674 277
654 645 736 686 seq.
760 656 811 661 —-
833 632 907 675 Ex
926 632 1099 686 familia
1120 633 1209 674 eius
1232 631 1426 674 videntur
1445 631 1497 674 L.
1514 630 1706 673 Iavoleni
1729 629 1941 684 (Iabolen-

217 698 342 742 XIV
362 702 487 750 2546,
517 699 685 742 Iaulen·
716 699 783 744 VI
805 700 956 755 19967)
988 700 1057 743 VI
1078 702 1393 743 19663-19665.
1424 702 1573 742 19667.
1604 699 1729 742 XIV
1750 701 1874 742 2546.

132 768 184 810 41
218 767 298 811 Cn.
330 766 542 811 Octavius
581 768 771 811 Titinius
809 768 963 826 Capito
1003 769 1080 823 (sic
1111 771 1139 812 t.
1168 769 1372 818 urbanus,
1416 767 1604 810 Titinius
1636 766 1788 824 Capito
1820 765 1940 810 Plin.

218 852 280 892 ep.
301 841 340 888 1,
361 840 428 882 17.
457 840 498 888 8,
519 841 590 888 12,
623 837 778 894 Capito
809 839 863 880 ib.
893 841 933 889 5,
964 841 993 880 8
1031 838 1190 880 codices
1221 837 1438 892 plerique,
1476 837 1591 879 solus
1625 834 1942 878 Riccardianus

217 906 264 948 in
302 906 441 948 indice
479 905 670 949 Titinius
710 906 904 964 Caepio).
973 906 1225 950 Praefectus
1255 906 1442 948 cohortis
1474 909 1502 948 t.
1532 906 1724 947 urbanus
1753 903 1822 946 VI
1845 906 1938 945 798.

217 973 440 1018 Tribunus
470 974 668 1031 militum,
700 975 885 1018 donatus
915 975 1039 1018 hasta
1066 990 1176 1032 pura
1204 989 1364 1017 corona
1394 973 1545 1016 vallari
1576 974 1633 1017 ib.
1682 973 1942 1015 Procurator

221 1043 340 1100 (imp.
362 1043 620 1098 Domitiani)
641 1043 697 1086 ab
725 1043 919 1100 epistulis
950 1050 991 1086 et
1020 1059 1047 1085 a
1076 1043 1335 1100 patrimonio
1364 1043 1420 1085 ib.
1467 1043 1629 1085 Iterum
1660 1041 1715 1083 ab
1746 1040 1941 1097 epistulis

219 1112 318 1167 imp.
341 1111 512 1154 Nervae
532 1112 589 1154 ib.
640 1112 705 1154 Eo
735 1118 914 1154 auctore
944 1127 998 1154 ex
1028 1127 1061 1153 s.
1090 1126 1126 1156 c.
1158 1112 1384 1168 praetoriis
1415 1111 1678 1152 ornamentis
1709 1109 1942 1151 honoratus

216 1179 274 1222 ib.
335 1179 535 1223 Statuam
573 1180 625 1223 L.
657 1179 792 1223 Silani
834 1181 877 1222 in
918 1180 1011 1223 foro
1052 1181 1174 1237 ponit
1204 1179 1323 1222 Plin.
1357 1194 1419 1234 ep.
1452 1182 1491 1229 1,
1518 1182 1584 1222 17.
1643 1177 1715 1220 Ab
1747 1177 1941 1234 epistulis

217 1248 343 1290 tertio
374 1249 475 1305 imp.
505 1248 685 1291 Traiani
717 1251 744 1292 t.
775 1249 979 1290 urbanus.
1039 1247 1290 1291 Praefectus
1326 1247 1508 1302 vigilum
1540 1247 1595 1291 ib.
1642 1246 1757 1290 Colit
1784 1245 1939 1298 studia,

215 1323 333 1358 amat
361 1316 575 1358 studiosos
606 1316 724 1360 Plin.
745 1331 806 1372 ep.
838 1319 878 1367 8,
910 1320 980 1367 12,
1009 1320 1048 1358 1.
1099 1316 1283 1373 Scripsit
1312 1317 1454 1358 exitus
1484 1315 1714 1357 illustrium
1747 1316 1941 1356 virorum

218 1385 275 1427 ib.
304 1387 345 1435 8,
376 1387 446 1435 12,
477 1388 528 1435 4;
566 1383 791 1426 clarissimi
832 1386 1043 1442 cuiusque
1073 1386 1207 1427 vitam
1250 1386 1435 1440 egregiis
1466 1383 1730 1443 carminibus
1761 1389 1943 1425 exornat

214 1453 272 1496 ib.
293 1456 330 1503 1,
351 1456 417 1503 17,
437 1456 476 1495 3.
498 1477 556 1483 —
575 1451 764 1496 Plinium
791 1453 988 1496 hortatur
1010 1461 1058 1496 ut
1083 1453 1302 1496 historiam
1325 1453 1496 1507 scribat,
1520 1451 1752 1508 respondet
1773 1451 1939 1494 Plinius

214 1535 277 1576 ep.
301 1523 340 1571 5,
359 1523 388 1563 8
418 1521 494 1574 (ad
515 1521 625 1564 hunc
646 1522 814 1564 omnino
835 1521 962 1574 data;
990 1523 1178 1577 quamvis
1200 1522 1405 1565 Sidonius
1424 1521 1697 1576 Apollinaris
1716 1520 1940 1574 epistulam

143 1622 145 1624 .
217 1589 276 1631 ad
309 1589 502 1632 Tacitum
529 1591 732 1644 scriptam
760 1591 892 1644 fuisse
919 1590 1086 1641 indicet,
1117 1592 1173 1645 cf.
1204 1590 1307 1633 Keil
1337 1590 1395 1632 ad
1423 1590 1449 1632 l.
1482 1589 1548 1644 c.).

129 1658 185 1700 42
215 1665 259 1708 Q.
291 1664 535 1700 OCTAVIVS
566 1664 806 1700 VOLVSIVS
838 1658 1190 1715 THVSCENUVS]
1218 1692 1227 1702 .
1246 1692 1255 1701 .
1276 1692 1311 1701 ..
1327 1692 1338 1714 ,
1370 1658 1590 1701 decemvir
1611 1657 1799 1700 stlitibus
1828 1657 1938 1699 iudi-

215 1726 377 1780 candis,
418 1725 674 1783 [quaestor],
715 1734 889 1784 praetor
919 1727 1187 1783 candidatus,
1229 1727 1365 1784 s[evir
1394 1741 1460 1784 eq.
1492 1727 1542 1769 R.
1556 1726 1610 1783 ?],
1652 1742 1738 1769 cos.
1771 1726 1868 1769 suff.
1900 1741 1937 1768 a.

214 1795 318 1849 inc.3
354 1794 487 1837 salius
519 1794 736 1850 Collinust,
772 1802 981 1853 patronus
1012 1797 1284 1839 Uticensium
1315 1795 1430 1851 Eph.
1453 1795 1543 1851 eph.
1572 1799 1612 1846 5,
1639 1798 1722 1838 458
1744 1815 1797 1829 2
1823 1794 1947 1837 VIII

208 1863 260 1907 S.
281 1867 420 1907 14312
450 1864 602 1918 (VIII
622 1864 765 1918 1182).
826 1865 950 1908 Uxor
981 1865 1182 1909 Geminia
1212 1864 1421 1907 Vulcacia
1449 1865 1506 1907 ib.

128 1932 184 1975 43
214 1938 256 1976 C.
289 1938 532 1975 OCTAVIVS
563 1939 757 1974 VINDEX
787 1933 937 1975 consul
958 1934 1055 1978 suff.
1077 1949 1114 1975 a.
1142 1934 1224 1976 184
1250 1933 1310 1987 (d.
1335 1934 1386 1976 18
1407 1933 1530 1987 Mai.)
1552 1936 1634 1975 act.
1655 1934 1759 1974 Arc.
1783 1946 1823 1974 a.
1845 1934 1937 1974 183.

124 2000 181 2042 44
212 2006 429 2042 OCTAVIA
457 2001 644 2055 (maior),
678 2001 724 2045 C.
748 2000 919 2045 Octavii
942 2008 986 2044 et
1010 2002 1256 2044 Anchariae
1285 2002 1375 2044 filia
1396 2002 1513 2045 Suet.
1534 2002 1647 2056 Auy.
1670 2005 1708 2043 4.
1752 2001 1873 2043 Haec
1892 2004 1940 2042 ut

210 2069 570 2112 videturOctavia
580 2069 778 2113 Caesaris
794 2085 926 2124 soror,
946 2070 1047 2113 Sex.
1059 2070 1263 2127 Appuleii
1279 2070 1479 2126 (omlis
1498 2074 1544 2112 ut
1555 2073 1663 2124 puto
1685 2085 1724 2112 a.
1735 2084 1778 2112 u.
1791 2084 1825 2111 e.
1841 2073 1937 2119 725,

211 2151 345 2193 supra
364 2138 408 2181 A
428 2139 524 2192 777)
555 2146 694 2181 mater
724 2143 751 2181 t.
785 2139 1070 2194 Perqamenus
1100 2155 1168 2194 ap.
1190 2140 1383 2183 Frankel
1411 2139 1576 2183 Inschr.
1599 2154 1679 2182 von
1700 2139 1940 2193 Perqamon

211 2221 253 2250 n.
282 2210 389 2258 419,·
418 2207 515 2249 item
544 2207 726 2250 eiusdem
755 2209 914 2250 sororis
939 2208 1125 2262 Augusti
1155 2209 1297 2264 neptis
1327 2207 1544 2264 Appuleia
1574 2206 1742 2249 Varilla
1777 2207 1874 2249 Tae.
1897 2221 1937 2248 a.

146 2309 149 2311 »
212 2280 256 2326 2,
277 2278 344 2319 50.
365 2300 421 2306 -
443 2275 570 2318 Hanc
599 2276 830 2331 Octaviam,
852 2276 1101 2319 Anchariae
1129 2277 1279 2332 filiam,
1310 2277 1440 2331 fuisse
1468 2291 1638 2318 uxorem
1667 2275 1714 2319 C.
1737 2275 1942 2318 Marcelli

213 2348 252 2387 et
281 2347 436 2399 postea
475 2344 542 2387 M.
572 2344 755 2387 Antonii
794 2344 1062 2400 (eandemque
1099 2349 1278 2388 matrem
1320 2345 1525 2387 Marcelli
1561 2359 1680 2399 quem
1718 2344 1938 2399 Auyustus

207 2427 407 2468 qenerum
434 2413 520 2455 sibi
547 2413 681 2467 eleyit,
711 2412 831 2455 Plut.
855 2413 959 2457 Ant.
980 2413 1052 2469 87)
1074 2414 1136 2455 ait
1156 2414 1415 2456 Plutarchus
1432 2414 1536 2456 Ant.
1556 2416 1622 2463 31,
1649 2413 1739 2468 (qui
1759 2412 1937 2455 alteram.

215 2481 456 2532 Octaviam,
486 2481 618 2524 Atiae
643 2481 802 2536 filiam,
831 2496 916 2524 nim
944 2486 1167 2532 memorat,
1202 2486 1242 2524 et
1277 2483 1443 2525 omnino
1470 2496 1557 2524 non
1584 2481 1749 2523 videtur
1776 2482 1939 2523 novisse

212 2549 319 2592 duas
338 2549 532 2605 Auqusto
561 2550 694 2604 fuisse
722 2553 916 2606 sorores),
949 2565 1091 2593 errore
1117 2554 1165 2593 ut
1184 2555 1292 2606 puto
1323 2551 1433 2605 (cum
1462 2550 1719 2593 Drumanno
1737 2553 1765 2592 4
1784 2565 1832 2604 p.
1853 2552 1938 2593 235

209 2631 251 2660 n.
274 2617 396 2672 183);
423 2632 526 2660 nam
554 2632 728 2661 uxorem
765 2619 812 2661 Ο.
844 2619 1054 2662 Marcelli
1089 2619 1226 2674 filiam
1255 2619 1408 2670 Atiae,
1443 2622 1606 2674 neptem
1635 2619 1778 2662 Iuliae
1806 2619 1938 2672 fuisse

210 2689 376 2729 constat
401 2701 452 2728 ex
482 2687 597 2730 Suet.
626 2687 746 2730 Caes.
778 2691 848 2730 27.
921 2687 1038 2731 Sane
1076 2689 1174 2743 fieri
1202 2691 1342 2743 potest
1382 2691 1431 2730 ut
1464 2702 1549 2730 non
1588 2687 1721 2730 solum
1760 2687 1939 2730 Octavia

212 2755 362 2805 minor,
403 2755 534 2797 Atiae
572 2756 689 2811 filia,
728 2756 802 2798 sed
839 2757 968 2799 etiam
1001 2756 1102 2799 haec
1132 2758 1271 2799 maior
1301 2757 1502 2799 maritum
1529 2757 1729 2799 habuerit
1757 2755 1936 2809 aliquem

213 2823 259 2866 G.
293 2823 549 2866 Marcellum
589 2826 790 2878 (fortasse
828 2825 1036 2867 consulem
1074 2839 1186 2867 anno
1229 2825 1338 2879 705),
1384 2829 1423 2867 et
1463 2840 1514 2867 ea
1544 2826 1700 2867 marito
1740 2825 1936 2878 defuncto

213 2905 251 2933 a.
286 2894 365 2933 714
391 2893 582 2946 nupserit
611 2893 678 2935 M.
709 2893 897 2935 Antonio
928 2894 985 2947 (et
1010 2894 1075 2935 ita
1101 2896 1339 2936 statuerunt
1367 2894 1582 2944 nonnulli,
1621 2894 1676 2947 cf.
1706 2893 1790 2936 Ed.
1824 2892 1938 2935 Moll

210 2973 287 3001 zur
329 2959 582 3013 Genealoyie
621 2961 692 3003 des
727 2961 1174 3015 julisch-claudischen
1214 2962 1527 3004 Kaiscrhauses
1573 2961 1767 3017 [Colmar
1803 2959 1937 3014 1879]

204 3042 254 3082 p.
286 3031 341 3070 10
368 3028 482 3082 seq),
526 3029 636 3072 unde
675 3033 914 3084 sequeretur
951 3030 1171 3073 Octaviam
1211 3030 1308 3074 Sex.
1346 3030 1554 3086 Appuleii
1589 3034 1766 3072 matrem
1804 3030 1937 3083 fuisse

211 3096 437 3147 minorent,-
473 3096 548 3139 sed
583 3096 631 3139 id
666 3099 737 3140 vix
766 3098 882 3140 cred-i
910 3101 1075 3152 potest,·
1103 3113 1205 3140 nam
1224 3113 1388 3152 parum
1409 3099 1648 3154 probabile,
1680 3098 1932 3152 Auqustum,

211 3177 305 3206 cum
334 3178 446 3207 anno
476 3167 561 3207 729
589 3165 707 3219 filiae
735 3166 937 3208 maritum
960 3170 1192 3220 quaereret,
1220 3171 1430 3222 essentque
1448 3168 1615 3220 utrique
1635 3180 1827 3208 sororum
1847 3166 1936 3208 eius

211 3231 307 3283 filii,
333 3232 591 3286 praetulisse
619 3232 753 3287 filium
782 3234 872 3276 eius
899 3234 1059 3276 sororis
1087 3248 1196 3288 quae
1225 3238 1318 3276 erat
1346 3250 1398 3277 ex
1427 3235 1565 3277 eodem
1598 3237 1762 3276 tantum
1783 3237 1936 3289 patre;

212 3302 442 3353 praeterea
469 3301 624 3342 mirum
653 3304 768 3352 esset,
796 3301 927 3344 Atiae
956 3301 1105 3356 filiam,
1137 3317 1244 3356 quae
1272 3303 1468 3356 Auyusto
1497 3303 1624 3344 etiam
1642 3317 1725 3356 per
1755 3305 1934 3345 aetatem

214 3368 477 3412 coniunctior
505 3381 591 3412 esse
621 3368 776 3416 debuit,
806 3370 878 3411 vix
905 3383 1105 3425 umquam
1133 3371 1372 3414 memorari.
