2202 3724
149 289 406 326 MACRINVS
1010 283 1093 326 315
1681 289 1956 326 MAECENAS

147 444 203 451 —
235 419 514 474 C(a)erellius
543 420 778 463 Macrinus.

147 512 206 518 —-
234 493 276 533 T.
296 494 608 531 CAESERNIVS
628 495 805 531 STATIV
809 495 832 531 S
850 494 1084 540 QVINTIVS
1103 488 1409 544 STAT[1A]NVS
1431 495 1669 532 MEMMIVS
1687 494 1957 530 MACRINVS.

149 580 207 587 —
236 556 487 599 Honoratus
517 556 752 599 Macrinus.

148 649 205 655 —-
233 624 438 668 Minicius
468 626 702 668 Macrinus.

148 717 206 724 —
232 699 286 736 M.
316 698 502 736 NONIVS
532 700 804 736 MACRINVS.

146 785 205 792 --
233 768 274 803 Ρ.
305 767 488 803 NONIVS
519 767 791 804 MACRINVS.

146 855 204 860 —
232 836 285 874 Μ.
317 836 559 873 OPELLIVS
600 836 857 873 MACRINVS

232 904 490 941 MAGRINVS
517 904 634 941 AVG.

147 991 204 996 —
233 966 402 1009 Plotius
433 966 669 1010 Macrinus,

146 1059 205 1065 —
233 1041 285 1079 Μ.
317 1041 565 1077 POMPEIVS
595 1041 827 1077 MACRINV
830 1042 867 1080 S.

146 1126 204 1133 —·
233 1103 301 1158 [M.
333 1103 600 1158 P]OMPE1VS
630 1104 920 1158 MACRI[NVS]
954 1110 1084 1146 NEOS
1111 1110 1459 1150 THEOPHANES.

146 1194 204 1200 —
232 1170 293 1224 M.
323 1171 553 1227 Pompeius
583 1171 805 1214 Macrinus
833 1171 1133 1228 Theophanes.

146 1263 204 1268 --
234 1245 275 1283 C.
307 1245 549 1282 SEDATIVS
581 1246 830 1282 VELLEIVS
859 1246 1064 1283 PRISCVS
1093 1247 1366 1284 MACRINVS.

990 838 1092 873 IMP.
1125 837 1322 873 CAESAR
1359 838 1412 874 M.
1445 837 1688 873 OPELLIVS
1730 838 1956 874 SEVERVS

145 1332 204 1337 —
232 1313 414 1350 VARIVS
444 1314 716 1351 MACRINVS.

145 1400 203 1405 ——
232 1375 440 1418 Veturius
470 1376 705 1419 Macrinus.

145 1469 204 1474 —
232 1451 276 1487 L.
306 1451 487 1487 ATTIVS
516 1450 703 1488 MACRO.

146 1536 205 1542 --
233 1513 424 1556 Naevius
454 1513 672 1557 Sertorius
703 1513 867 1557 Macro.

145 1605 204 1611 —
233 1581 468 1638 Septimius
496 1582 658 1625 Macro.

147 1651 202 1692 26
231 1650 283 1693 L.
311 1651 502 1693 Macrius
532 1651 712 1707 Mac[e]r
741 1657 843 1707 (non
861 1652 911 1694 P.
933 1651 1172 1694 Macrinius
1201 1651 1362 1707 Macer,
1392 1655 1441 1694 ut
1467 1666 1518 1694 ex
1547 1652 1795 1707 apoyrapho
1821 1652 1961 1694 minus

234 1719 339 1762 bono
369 1719 573 1762 creditum
603 1722 712 1777 erat)
743 1727 998 1776 procurator
1026 1719 1323 1775 Augustorum
1363 1721 1424 1772 (in
1452 1720 1611 1771 Dacia,
1653 1722 1834 1775 fortasse
1857 1735 1960 1775 pro-

232 1791 405 1831 curator
433 1788 726 1843 aurariarum)
758 1792 786 1831 t.
808 1788 998 1831 Dacicus
1026 1789 1115 1831 III
1128 1788 1174 1833 S.
1195 1791 1332 1832 12563
1363 1789 1527 1844 (melius
1556 1803 1682 1843 quam
1710 1790 1799 1832 III
1820 1790 1958 1845 1310).

147 1855 201 1897 27
231 1855 480 1899 Macrobius
511 1855 830 1912 candidianus,
867 1864 1141 1913 procurator:
1172 1857 1228 1899 ad
1259 1859 1351 1899 eius
1381 1872 1504 1900 areas
1539 1857 1772 1900 deductum
1802 1871 1958 1914 corpus

233 1923 443 1980 Cypriani
473 1925 530 1980 (a.
552 1925 653 1980 258)
675 1926 826 1980 passio
854 1925 1065 1980 Cypriani
1093 1940 1125 1969 c.
1147 1928 1174 1969 5
1204 1925 1269 1980 (p.
1299 1925 1471 1969 CXIII
1491 1926 1678 1981 Hartel).

147 1992 202 2035 28
232 1999 372 2035 MAEC
392 2027 426 2036 ..
444 2026 453 2036 .
472 2027 481 2036 .
526 1994 707 2046 NEP(OS
719 1993 760 2048 ?)
809 1994 978 2049 legatus
1023 1994 1237 2037 Thraciae
1287 1994 1368 2037 sub
1417 1994 1642 2037 Hadriano
1690 2001 1740 2037 ut
1787 1994 1961 2036 videtur

230 2062 393 2103 nummi
406 2061 738 2113 Perinthiorum,
757 2077 825 2117 ap.
841 2062 1207 2117 Imhoof-Blumer
1221 2064 1439 2105 monnaies
1454 2077 1653 2118 yrecques
1663 2077 1711 2117 p.
1721 2065 1788 2113 43,
1803 2066 1875 2106 29.
1890 2065 1958 2113 30,

232 2143 325 2171 cum
364 2131 501 2184 capite
539 2130 765 2173 Hadriani-
800 2134 839 2173 et
877 2131 1152 2185 inscriptione
1191 2131 1299 2174 αὐτο.
1339 2130 1532 2188 Τραιανὸς
1562 2129 1768 2188 Ἃὸριανὸς
1805 2130 1958 2188 Καῖσαρ

233 2198 326 2255 Σεβ.
358 2199 448 2256 Γερ.
489 2198 583 2251 (ubi
620 2198 797 2251 offendit
826 2199 1081 2242 Hadrianus
1121 2199 1258 2242 dictus
1293 2199 1604 2253 Germanicus),
1640 2200 1687 2242 in
1717 2213 1867 2242 aversa
1896 2200 1959 2241 in-

231 2267 435 2321 scripmm
454 2267 653 2310 habentes
675 2267 891 2325 Περινθίων
914 2269 977 2311 ἐπὶ
996 2267 1119 2310 Μαικ.
1146 2267 1262 2322 (Μαι.
1283 2283 1324 2312 n.
1342 2269 1415 2321 30)
1443 2268 1543 2310 Νεπ.
1565 2285 1629 2325 πρ.
1652 2269 1745 2325 Σεβ.
1768 2269 1833 2311 καὶ
1853 2269 1959 2321 ἀντ.;

231 2335 384 2378 similis
411 2349 604 2378 nummus
633 2336 916 2391 Bieyensium,
947 2350 1051 2378 mus.
1084 2336 1199 2378 Brit.
1232 2340 1313 2382 cat.
1350 2336 1507 2381 Thrac.
1529 2351 1576 2391 p.
1598 2339 1666 2387 88,
1694 2340 1733 2387 3,
1766 2337 1812 2378 in
1841 2337 1960 2378 cuius

234 2405 378 2446 antica
408 2404 558 2446 lectum
586 2408 647 2447 est
677 2437 687 2447 .
705 2437 714 2446 .
733 2437 742 2446 .
761 2422 795 2447 ο.
817 2404 1011 2462 Τραιανὸς
1032 2403 1171 2462 Ἃδρια
1187 2437 1197 2447 .
1216 2437 1226 2447 .
1245 2437 1255 2447 .
1281 2406 1388 2463 Σεβ.,
1420 2406 1466 2447 in
1493 2418 1642 2448 aversa
1663 2406 1725 2447 ἐπὶ
1744 2404 1843 2448 Μαι.
1865 2404 1959 2448 Νετι

233 2473 330 2526 (scr.
360 2472 458 2515 Μαι.
491 2472 611 2527 Νεπ.)
642 2476 780 2531 πρεσβ.
809 2475 875 2517 καὶ
904 2474 951 2517 ἀν
968 2506 978 2516 .
996 2505 1007 2516 .
1038 2473 1258 2531 Βιζυηνῶν.

149 2540 204 2582 29
233 2547 507 2584 MAECENAS
547 2543 616 2584 vir
656 2543 898 2599 praetorius
939 2542 1212 2600 (στρατηγικὸς
1240 2545 1284 2585 τὸ
1315 2543 1468 2600 ἀξίωμα
1499 2543 1684 2594 Herod.,·
1722 2542 1820 2584 inde
1849 2542 1960 2584 male

235 2615 307 2650 ‘ex
337 2609 534 2652 ducibus²
567 2610 641 2652 vit.
670 2610 836 2665 Gora),
879 2625 917 2654 a.
950 2611 1032 2652 238
1076 2625 1165 2652 una
1204 2625 1305 2652 cum
1335 2610 1562 2655 Gallicano
1603 2610 1760 2652 milites
1801 2612 1875 2667 qui
1913 2612 1958 2652 in

233 2683 429 2720 senatum
459 2686 670 2721 venerant
699 2679 936 2722 trucidavit
960 2679 1119 2722 Herod.
1143 2683 1181 2730 7,
1204 2683 1268 2731 11,
1290 2684 1317 2722 4
1341 2680 1456 2735 (inde
1474 2681 1546 2722 vit.
1569 2680 1800 2724 Maximin.
1821 2683 1892 2730 20,
1910 2682 1936 2722 6
1947 2693 1960 2731 ;

230 2746 302 2788 vit.
332 2745 543 2789 Gordian.
564 2750 638 2798 22,
661 2747 719 2802 8).

146 2813 203 2855 30
233 2812 282 2856 C.
313 2814 555 2858 Maecenas.
620 2816 754 2859 Tituli
781 2817 867 2871 ipsi
887 2817 1024 2871 positi
1050 2831 1136 2859 non
1165 2820 1331 2867 eoetant,
1370 2820 1516 2859 extant
1554 2817 1672 2859 tituli
1700 2817 1956 2866 libertorum,

229 2884 275 2925 in
291 2883 359 2926 his
372 2884 662 2927 memorabiles
680 2885 873 2927 urbanus
895 2884 963 2927 VI
969 2888 1122 2935 21771,
1139 2888 1333 2939 spectans
1354 2885 1413 2927 ad
1431 2899 1643 2927 commune
1664 2899 1805 2927 eorum
1824 2884 1958 2938 sepul-

233 2965 350 2994 crum
380 2950 440 3007 (1)
470 2956 511 2995 et
541 2952 856 3007 Neapolitanus
885 2953 933 2995 X
950 2956 1067 2996 2687
1085 2952 1163 3008 (2).
1194 2979 1249 2984 -
1279 2953 1328 2996 O.
1349 2953 1580 2996 Maecenas
1608 2953 1747 2996 Vellei.
1768 2957 1811 3002 2,
1828 2956 1895 3002 88,
1913 2956 1956 3003 2,

238 3020 336 3062 Tac.
360 3034 400 3062 a.
422 3024 487 3072 14,
510 3024 575 3072 53,
607 3021 695 3064 Dio
714 3025 782 3072 49,
805 3025 859 3064 16
866 3035 879 3073 ‚·
909 3024 937 3063 t.
961 3025 986 3064 1
1017 3021 1084 3075 (O.
1107 3036 1369 3076 praenomen
1393 3022 1570 3076 firmant
1590 3025 1816 3076 praeterea
1845 3020 1961 3062 tituli

234 3088 491 3139 libertorum,
513 3090 559 3131 in
579 3090 730 3143 quibus
748 3089 912 3132 nullum
935 3090 1056 3132 aliud
1072 3091 1160 3132 nisi
1177 3090 1254 3132 hoc
1275 3104 1537 3144 praenomen
1560 3090 1752 3132 occurrit.
1797 3090 1960 3134 Λεύκιος

236 3156 445 3199 Nicotaus
473 3156 693 3208 Damasc„
726 3159 781 3211 cf.
803 3159 956 3213 infra).
1003 3158 1270 3201 Maecenatis
1298 3172 1448 3201 nomen
1478 3159 1518 3200 ei
1542 3158 1801 3213 yentilicium
1830 3157 1960 3210 fuisse

233 3224 474 3267 documento
514 3229 613 3267 sunt
652 3225 797 3268 liberti
826 3226 930 3269 dicti
958 3227 1252 3277 Maecenates,
1285 3228 1330 3268 in
1359 3226 1427 3268 his
1457 3226 1506 3269 C.
1536 3226 1763 3268 Maecenas
1792 3225 1958 3267 Maece-

234 3293 345 3335 natis
376 3294 512 3349 ipsius
543 3293 569 3335 l.
600 3293 757 3349 Lysias
788 3297 816 3336 t.
842 3298 895 3346 2;
925 3294 1153 3337 Maecenas
1183 3294 1383 3336 Melissus
1411 3294 1531 3336 Plin.
1562 3294 1603 3335 h.
1634 3308 1675 3335 n.
1706 3296 1777 3344 28,
1800 3297 1858 3336 62
1887 3293 1959 3348 (cf.

230 3361 351 3416 infra
393 3362 470 3404 sub
517 3360 563 3405 0.
613 3361 863 3404 Maecenate
907 3362 1107 3414 Melisso,
1155 3362 1397 3406 Cilniorum
1447 3361 1701 3415 (cilneorum
1752 3361 1957 3415 traditur)
