2202 3724
247 292 435 328 MARIVS
1102 282 1186 325 346
1857 290 2046 327 MARIVS

249 424 331 465 226
363 421 557 476 [Ma]rius
591 419 882 474 Censo[rinus]
916 417 1081 471 (nomen
1105 432 1189 460 non
1208 418 1333 472 plene
1354 418 1502 460 lectum
1523 419 1568 461 in
1589 419 1756 475 codice),
1789 426 2052 463 memoratur

333 505 370 532 a.
403 490 483 531 218
515 488 602 529 Dio
635 490 699 537 79,
731 491 763 530 2
793 486 880 529 loco
912 486 1122 528 lacunoso.

248 558 328 599 227
361 561 549 597 MARIVS
583 560 774 596 CORDVS
806 553 1037 610 proconsul
1064 553 1195 595 Asiae
1226 554 1374 608 primis
1404 554 1587 596 Neronis
1617 556 1740 596 annis
1769 556 1930 598 nummi
1957 570 2051 599 cum

331 624 542 677 capitibus
573 622 758 664 Neronis
790 625 828 664 et
856 621 1123 676 Ayrippinae
1155 621 1371 676 (Mionnet
1399 621 1590 672 1V232,
1620 625 1705 664 236
1714 636 1727 674 ;
1765 623 2050 678 Wadclinyton

329 692 461 745 fastes
491 690 560 732 oles
586 704 708 743 prov.
741 691 866 732 asiat.
907 704 948 731 n.
979 692 1034 732 86
1074 703 1124 731 esc
1163 689 1400 732 collectione
1436 703 1538 732 mus.
1581 690 1829 733 Britannici
1869 695 1909 734 et
1945 705 2051 744 sua,·

328 773 449 801 revue
478 772 589 800 num.
613 760 723 799 1884
744 772 790 812 p.
813 761 872 800 28
900 772 942 800 n.
963 760 1044 808 23,·
1072 771 1175 801 mus.
1197 757 1383 813 Berol.),·
1412 757 1565 800 similis
1588 772 1781 801 nummus
1802 773 1894 801 cum
1914 761 2050 815 eapite

329 827 457 869 solius
489 826 672 868 Neronis
702 826 917 880 (Mionnet
946 826 993 868 S.
1025 825 1120 868 VII
1140 828 1234 876 511,
1265 828 1343 868 154
1373 840 1423 867 ex
1454 825 1674 883 Vaillant).

246 895 349 938 227η
378 895 436 936 M.
460 894 624 935 Marius
646 894 800 936 Festus
823 893 1107 948 Caecilianus,
1138 899 1392 950 procurator
1411 893 1526 948 Aug.
1550 909 1591 939 n.
1614 895 1808 937 stationis
1838 909 2051 951 aquarum

330 963 475 1018 fistula
501 962 672 1004 urbana
702 962 817 1015 apud
846 963 1134 1004 Lancianium
1163 962 1256 1016 syll.
1288 976 1354 1016 aq.
1385 976 1427 1004 n.
1457 965 1550 1005 571.

247 1032 328 1074 228
360 1030 418 1072 Μ.
451 1029 614 1071 Marius
654 1029 941 1084 Florentinus,
984 1036 1107 1086 pater
1147 1031 1375 1084 senatoris,
1419 1030 1478 1072 M.
1522 1030 1633 1073 Triti
1677 1030 1892 1073 Florentis
1937 1030 2050 1073 filius

330 1102 358 1140 t.
389 1097 702 1152 Isuyolunensis,
742 1106 814 1152 ap.
845 1098 1042 1140 Boissieu
1070 1113 1120 1152 p.
1150 1101 1237 1141 492
1265 1118 1321 1133 --
1349 1097 1514 1141 Allmer
1543 1102 1583 1142 et
1610 1098 1799 1141 Dissarol
1835 1100 1972 1142 muse'e
2002 1099 2051 1142 de

332 1166 380 1208 cle
410 1167 531 1220 Dyon
559 1166 621 1207 II
634 1180 682 1220 10.
704 1169 802 1209 127.

249 1235 331 1277 229
364 1241 470 1279 SEX.
511 1241 700 1276 MARIVS
742 1240 1037 1277 LIGVSTINVS
1083 1234 1131 1277 C.
1175 1234 1229 1290 f.,
1275 1234 1494 1276 decemvir
1538 1234 1744 1289 (stlitibus
1789 1233 2049 1290 iudicandis)

331 1307 358 1345 t.
396 1303 610 1346 Urbaniae
640 1303 740 1345 olim
768 1303 1025 1353 adservatus,
1057 1303 1137 1345 XI
1157 1306 1274 1345 6064.
1812 1346 1814 1348 ,

245 1373 328 1414 230
360 1378 400 1414 C.
432 1371 682 1426 MA[R1VS‘?]
715 1377 1030 1426 MARCELLVS,
1069 1370 1239 1425 legatus
1271 1370 1470 1414 Caesaris
1501 1369 1686 1425 Augusti
1718 1371 1933 1413 nescimus
1964 1386 2048 1428 quo

330 1447 519 1496 tempore
549 1439 701 1483 CIAtt.
722 1443 762 1490 3,
784 1442 866 1482 593
895 1440 950 1493 cf.
981 1439 1279 1493 Dittenberyer
1307 1439 1419 1494 Eph.
1443 1453 1504 1493 ep.
1527 1442 1552 1480 1
1572 1453 1619 1492 p.
1641 1441 1738 1482 253.

246 1509 323 1550 231
360 1514 400 1550 C.
422 1514 610 1551 MARIVS
632 1514 933 1549 MARCELLVS
956 1513 1198 1549 OCTAVIVS
1225 1513 1433 1549 PVBLIVS
1467 1513 1676 1549 OLVVIVS
1708 1513 1869 1550 RVFVS
1900 1507 2050 1550 consul

333 1578 428 1622 suff.
461 1578 501 1622 d.
536 1579 588 1620 13
619 1577 712 1619 Iun.
751 1577 805 1619 80
837 1591 934 1618 cum
963 1576 1015 1619 L.
1046 1575 1169 1618 Aelio
1212 1575 1382 1618 Plautio
1422 1575 1576 1617 Lamia
1614 1574 1795 1618 Aeliano
1828 1575 1929 1630 dipl.
1959 1575 2048 1618 mil.

332 1645 436 1697 (III
450 1661 497 1700 10.
527 1647 638 1701 854).

246 1715 328 1757 232
357 1715 520 1757 Marius
549 1714 769 1767 Maturus,
806 1718 1062 1769 procurator
1091 1711 1266 1768 Alpium
1297 1712 1622 1766 maritimarum,
1657 1711 1925 1755 Othonianos
1952 1727 2049 1768 pro-

330 1784 499 1825 vinciae
524 1782 683 1824 finibus
709 1796 856 1823 arcere
877 1780 1062 1823 intendit
1087 1781 1184 1823 Tac.
1206 1780 1246 1824 h.
1268 1783 1311 1830 2,
1334 1783 1403 1824 12.
1449 1781 1539 1822 Diu
1560 1780 1672 1822 fidus
1692 1779 1868 1823 Vitellio
1894 1780 1993 1824 Tac.
2008 1780 2048 1823 h.

328 1854 366 1901 3,
389 1855 458 1902 42,
490 1850 664 1893 tandem
695 1849 750 1892 ad
778 1849 1035 1905 Vespasiani
1067 1855 1210 1906 partes
1241 1849 1395 1891 transit
1424 1849 1480 1890 ib.
1513 1862 1546 1890 c.
1572 1851 1640 1891 43.

249 1919 332 1962 233
364 1927 407 1963 L.
452 1925 640 1961 MARIVS
686 1924 916 1960 MAXIMVS
961 1924 1251 1960 PERPETVVS
1300 1923 1635 1959 AVRELIANVS.
1718 1917 1852 1959 Tituli
1891 1917 2051 1960 wbani

330 1991 527 2042 quattuor
553 1988 620 2030 VI
632 1989 736 2029 1450
758 1988 959 2042 (1).1451
981 1989 1197 2043 (2).1452
1217 1987 1418 2043 (3).1453
1438 1984 1510 2040 (4),
1538 1985 1770 2029 Veliternus
1788 1985 1838 2028 X
1854 1988 1964 2029 6567
1975 1982 2048 2043 (5),

330 2056 591 2098 Ardeatinus
622 2056 668 2098 X
696 2058 800 2098 6764
826 2053 898 2109 (6).
960 2055 1228 2098 Memoratur
1267 2056 1313 2097 in
1350 2058 1377 2097 t.
1416 2055 1673 2109 Thyatireno
1711 2054 1811 2097 bull.
1853 2054 1902 2097 de
1940 2068 2049 2098 corr.

330 2124 423 2166 hell.
450 2128 503 2166 10
524 2139 572 2178 p.
593 2127 677 2166 417
705 2124 786 2180 (7).
836 2124 1000 2166 Errare
1031 2124 1130 2166 olim
1162 2124 1305 2166 Marii
1331 2137 1480 2166 nomen
1510 2136 1595 2166 esse
1626 2122 1828 2165 creditum
1857 2125 1918 2165 est
1945 2122 1992 2165 in
2021 2125 2049 2165 t.

330 2192 541 2246 Africano
572 2192 694 2234 VIII
717 2195 796 2234 795
825 2205 860 2235 v.
886 2195 926 2234 4.

414 2261 463 2302 L.
483 2261 645 2302 Marius
662 2261 880 2302 Maximus
901 2261 1144 2317 Perpetuus
1163 2261 1305 2317 (Perp.
1321 2274 1398 2305 om.
1414 2263 1463 2302 ut
1475 2259 1557 2303 vicl.
1573 2263 1602 2302 t.
1618 2258 1662 2313 5)
1679 2258 1941 2302 Aurelianus
1962 2261 1990 2300 t.
2008 2261 2047 2300 1.

329 2332 372 2372 2.
401 2332 439 2370 3.
471 2332 508 2378 6,
538 2329 702 2370 Marius
738 2329 957 2370 Maximus
997 2332 1025 2371 t.
1056 2332 1095 2371 4.
1129 2332 1167 2379 7,
1207 2329 1382 2382 itemque
1411 2329 1483 2382 qui
1510 2328 1672 2382 scripta
1702 2328 1789 2370 eius
1817 2327 2051 2369 citaverunt

329 2411 460 2450 paene
491 2400 741 2447 constanter,
777 2397 876 2439 item
913 2397 976 2439 vel
1012 2397 1231 2439 Maximus
1261 2396 1370 2447 Dio,
1412 2396 1576 2438 Marius
1605 2396 1676 2438 vit.
1707 2394 1833 2437 Aviol.
1871 2393 1989 2437 Cass.
2023 2397 2050 2436 9

331 2465 404 2506 sed
439 2465 514 2507 ubi
542 2465 763 2518 praecedit
800 2465 966 2507 Marius
1005 2465 1237 2508 Maximus,
1304 2465 1355 2507 L.
1395 2464 1425 2507 f.
1455 2467 1484 2508 t.
1515 2467 1554 2507 1.
1583 2466 1622 2506 5.
1689 2463 1827 2506 Tribu
1866 2462 2051 2516 Quirina

333 2535 359 2573 t.
391 2536 429 2574 1.
490 2533 775 2585 Quattuorvir
813 2534 982 2575 viarum
1021 2533 1327 2587 curandarum,
1370 2532 1570 2575 tribunus
1598 2531 1839 2574 laticlavius
1868 2530 2050 2585 legionis

330 2601 465 2642 XXII
508 2602 818 2655 Primigeniae,
862 2603 963 2643 item
1006 2602 1076 2644 ΙΠ
1114 2602 1310 2656 Italicae,
1353 2607 1555 2658 quaestor
1593 2600 1806 2655 urbanus,
1848 2599 2049 2642 tribunus

332 2667 468 2723 plebis
499 2668 766 2718 candidatus,
798 2669 976 2712 allectus
1006 2672 1119 2712 inter
1146 2670 1395 2725 praetorios,
1427 2675 1600 2712 curator
1625 2669 1722 2711 viae
1746 2669 1928 2711 Latinae
1958 2671 1986 2710 t.
2008 2671 2048 2710 1.

332 2736 497 2777 Versus
546 2738 717 2792 scripsit
767 2738 810 2778 in
847 2737 1149 2793 Commodum,
1197 2738 1251 2780 de
1290 2738 1447 2794 quibus
1487 2744 1635 2794 postea
1668 2736 1938 2791 gloriabatur
1975 2736 2047 2780 vit.

334 2803 488 2847 Comm.
510 2807 579 2847 12.
628 2805 820 2859 Legatus
852 2806 914 2860 (in
945 2807 1131 2861 Moesia)
1170 2806 1352 2861 legionis
1391 2807 1555 2862 primae
1584 2805 1761 2848 Italicae
1792 2808 1819 2848 t.
1850 2808 1888 2847 1.
1943 2804 2050 2846 Dux

333 2873 547 2913 exercitus
568 2872 750 2927 Mysiaci
773 2873 844 2927 (=
866 2874 1087 2925 Moesiaci,
1120 2875 1336 2917 etiamtum
1366 2874 1525 2928 leyatus
1547 2876 1653 2928 puto
1685 2873 1858 2927 legionis
1878 2873 2050 2927 primae

327 2939 524 2995 Italicae)
565 2940 681 2995 apud
720 2941 978 2996 Byzantium
1019 2943 1076 2997 (a.
1108 2944 1275 2999 195s96)
1317 2949 1359 2984 et
1391 2941 1508 2998 apud
1537 2941 1834 2996 Lugudunum
1862 2941 1920 2996 (a.
1950 2942 2048 2996 197)

333 3010 360 3048 t.
383 3010 408 3048 1
439 3008 490 3060 cf.
514 3007 722 3061 Boryhcsi
752 3022 842 3062 opp.
868 3012 906 3059 5,
928 3013 1025 3053 462.
1075 3011 1266 3065 Legatus
1297 3011 1548 3066 provinciae
1579 3009 1780 3064 Belgicae
1810 3012 1838 3051 t.
1864 3012 1890 3051 1
1917 3008 2049 3063 (lianc

334 3075 580 3128 leyationem
599 3075 857 3130 Boryhesius
876 3078 1154 3130 posteriorem
1174 3078 1395 3121 consulatu
1423 3079 1554 3132 fuisse
1575 3081 1707 3132 putat
1727 3081 1766 3120 et
1785 3077 2049 3119 coniunctam

333 3156 425 3184 cum
469 3143 672 3196 leyatione
714 3143 999 3198 Germaniae).
1075 3145 1238 3189 Consul
1284 3147 1396 3200 (suff.
1443 3161 1481 3188 a.
1527 3146 1629 3200 ine.)
1670 3149 1698 3188 t.
1737 3149 1776 3187 1.
1837 3143 2048 3187 Sacerdos

333 3210 489 3252 fetialis
530 3214 556 3254 t.
587 3215 625 3253 1.
655 3214 694 3255 5.
725 3215 762 3254 6.
830 3213 1020 3266 Legatus
1058 3213 1352 3268 Augustorum
1389 3214 1572 3256 duorum
1612 3213 1656 3270 (i.
1697 3228 1730 3255 e.
1769 3213 1880 3255 inter
1915 3224 2049 3254 annos

333 3279 532 3334 198l209)
572 3294 649 3335 pro
688 3295 751 3336 pr.
791 3281 1040 3336 provinciae
1077 3282 1336 3325 Germaniae
1374 3281 1587 3324 inferioris
1627 3285 1656 3324 t.
1687 3284 1726 3324 1.
1754 3285 1798 3325 2.
1857 3280 2047 3335 Legatus

333 3346 626 3402 Augustorum
649 3347 831 3389 duorum
857 3363 934 3404 pro
960 3363 1023 3404 pr.
1046 3350 1292 3405 provinciae
1316 3350 1470 3406 Syriae
1492 3348 1648 3393 Coelae
1678 3352 1707 3392 t.
1727 3352 1767 3392 1.
1812 3345 2048 3391 Proconsul
