2202 3724
135 274 450 311 HERACLITVS
1001 268 1082 310 135
1648 270 1941 307 HERENNIVS

137 408 188 450 61
221 405 492 459 Heraclitus,
534 405 691 446 missus
720 419 746 446 a
777 404 938 446 Severo
969 403 1021 445 ad
1053 402 1306 445 obtinendas
1345 402 1592 444 Britannias
1627 402 1699 446 vit.
1731 401 1877 444 Severi
1905 404 1942 450 6,

223 475 279 518 ad
307 472 581 516 obtinendam
603 472 853 528 Bithyniam
878 473 949 514 vit.
973 472 1089 514 Pese.
1114 470 1246 525 Nv‘yri
1263 473 1290 512 5
1320 469 1447 522 (illud
1472 484 1614 512 verum
1645 483 1731 512 esse
1759 469 1946 519 videtum·

224 543 277 598 ef.
308 542 510 585 Huebner
538 554 642 584 mus.
664 540 801 583 Rhen.
823 544 881 584 12
902 555 950 595 p.
973 543 1055 596 64).

139 625 195 667 62
226 621 472 665 Heraclitus
502 627 770 678 procurator,
801 628 849 663 ut
875 620 1058 675 videtur,
1091 622 1270 678 portorii
1306 619 1484 676 Illyrici,
1513 618 1568 662 ad
1599 633 1729 676 quem
1760 617 1948 660 Severus

227 698 270 734 et
286 689 512 734 Caracalla
532 690 848 746 rescripserunt
869 688 923 731 de
944 690 1212 731 immunitate
1228 689 1501 745 Tyranorum
1523 701 1636 730 anno
1652 688 1732 730 201
1753 686 1840 728 III
1855 688 1948 728 781.

227 760 431 802 Fortasse
453 772 539 801 non
560 758 748 800 diversus
768 772 795 799 a
817 757 1021 812 Septimio
1043 757 1264 800 Heraelito
1276 757 1497 812 praefecto
1515 756 1698 811 Aeyyptv‘
1717 755 1792 796 sub
1813 755 1949 796 Cara-

229 829 353 878 calla,
385 827 532 871 Herm.
552 830 611 870 20
631 842 681 881 p.
702 830 796 870 469.

143 923 200 929 —-—
229 897 446 940 Antonius
476 896 710 952 Septimius
740 893 1002 937 Heraclitus.

146 993 197 999 —
229 965 465 1022 Septimius
494 963 756 1007 Heraclitus.

146 1047 202 1090 63
232 1046 374 1088 Heras
414 1043 694 1100 philosophus
733 1043 934 1098 cynicuS,
976 1056 1073 1083 cum
1110 1043 1154 1083 in
1191 1041 1337 1084 Titum
1379 1048 1422 1084 et
1460 1041 1712 1084 Berenicem
1758 1039 1957 1081 convicia

232 1116 413 1167 iecisset,
446 1113 588 1168 capite
618 1118 841 1154 truncatus
871 1110 959 1153 Dio
984 1113 1049 1160 66,
1071 1113 1137 1153 15.

147 1196 203 1238 64
232 1193 528 1236 Herculanus:
574 1193 613 1234 ei
653 1191 826 1234 dedicat
864 1190 1123 1233 Plutarchus
1167 1189 1329 1232 librum
1369 1191 1457 1247 περὶ
1497 1193 1566 1232 τοῦ
1607 1189 1746 1231 ἑαυτὸν
1788 1188 1957 1230 ἐπαινεῖν

239 1262 513 1320 ἀνεπιφθόνως
543 1261 609 1316 (p.
630 1263 711 1302 339
722 1260 797 1315 A).

148 1357 206 1363 -—
236 1338 278 1374 C.
309 1336 475 1373 IVLIVS
505 1334 767 1371 EVRYCLES
797 1333 1149 1370 HERCVLANVS.

148 1427 206 1432 --
236 1407 280 1452 Q.
311 1405 560 1442 POMPEIVS
593 1403 806 1439 SENECIO
838 1399 910 1439 cet.
945 1402 986 1438 C.
1013 1401 1180 1437 IVLIVS
1202 1400 1463 1436 EVRYOLES
1494 1398 1864 1435 HERCVLANEVS
1887 1394 1962 1436 Oet.

237 1475 406 1512 SOSIVS
437 1472 656 1509 PRISCVS.

153 1564 204 1569 -—
237 1545 280 1589 Q.
310 1542 518 1579 ROSCIVS
559 1540 771 1576 COELIVS
812 1536 886 1575 cet.
922 1539 1088 1575 IVLIVS
1124 1537 1387 1574 EVRYCLES
1427 1531 1800 1585 HERC(V)LANVS
1841 1534 1964 1570 POM-

239 1612 382 1649 PEIVS
412 1610 590 1648 FALCO.

153 1689 208 1731 65
240 1687 566 1730 Herennianus:
606 1684 662 1726 ab
705 1698 755 1726 eo
795 1682 958 1739 placari
999 1681 1228 1725 Claudium
1267 1681 1388 1724 iubet
1419 1679 1644 1725 Gallienus
1682 1679 1755 1720 vit.
1785 1674 1969 1720 Claudii

238 1755 410 1799 Gothia·
426 1757 492 1797 17.

156 1838 211 1880 66
242 1836 559 1888 Herennianus,
590 1832 706 1875 filius
732 1831 978 1875 Odaenathi
1000 1838 1042 1874 et
1062 1830 1290 1885 Zenobiae,
1323 1828 1530 1886 parvulus
1556 1843 1583 1870 a
1601 1833 1725 1884 patre
1753 1841 1840 1868 una
1868 1839 1967 1867 cum

241 1903 438 1947 Timolao
468 1902 603 1945 fratre
633 1901 808 1943 relictus
833 1900 906 1943 vit.
934 1900 1121 1943 Gallim.
1144 1902 1209 1950 13,
1243 1899 1340 1953 triy.
1368 1902 1446 1953 tyr.
1468 1900 1534 1941 15.
1562 1900 1629 1939 17.
1650 1899 1720 1940 27.
1743 1898 1814 1939 28.
1834 1897 1902 1944 30,
1924 1896 1968 1943 2,

243 1974 315 2015 vit.
335 1971 562 2015 Aurelian.
583 1973 661 2022 38‚·
689 1971 782 2012 eius
813 1977 855 2013 et
880 1969 1065 2012 Timolai
1095 1969 1269 2011 nomine
1289 1966 1482 2010 Zenobia
1511 1965 1739 2022 imperavit
1770 1964 1867 2018 triy.
1890 1965 1970 2017 tyr.

243 2045 315 2086 27.
335 2044 402 2092 30,
424 2044 456 2084 2
485 2039 549 2094 (id
576 2041 715 2095 ipsum
742 2042 923 2095 neqatur
951 2038 1023 2080 vit.
1045 2037 1194 2080 Aurel.
1215 2039 1283 2088 38,
1306 2039 1374 2093 1),·
1405 2037 1450 2077 in
1480 2033 1699 2091 triumpho
1730 2032 1886 2075 ductus
1917 2030 1972 2073 ab

245 2109 480 2154 Aureliano
511 2109 608 2163 triq.
639 2111 718 2163 tyr.
749 2111 819 2151 24.
879 2107 1119 2150 Praeterea
1152 2107 1342 2160 ignotus,
1383 2108 1422 2146 et
1461 2103 1607 2146 dubito
1645 2116 1746 2144 num
1774 2115 1971 2155 umquam

246 2179 442 2222 extiterit.
502 2177 556 2221 Si
589 2177 746 2231 extitit,
790 2176 927 2219 dietus
956 2176 1041 2230 fnit
1070 2175 1218 2230 potius
1247 2174 1495 2227 Haeranes,
1538 2171 1649 2225 qnod
1686 2184 1835 2212 nomen
1867 2169 1975 2210 almi

247 2248 458 2290 invenitur
486 2247 534 2288 in
558 2249 680 2301 qente
717 2244 969 2294 Odaenathi,
1006 2244 1061 2298 cf.
1091 2244 1168 2286 sub
1201 2243 1406 2298 Septimio
1436 2241 1654 2284 Haerane.

163 2323 217 2366 67
248 2322 555 2364 Herennianus
584 2319 675 2362 dux
705 2334 761 2361 ex
791 2317 1021 2375 disciplina
1048 2318 1179 2361 Probi
1209 2318 1281 2361 m‘t.
1318 2315 1454 2358 Probo·
1482 2319 1557 2358 22.

163 2397 218 2438 68
249 2395 568 2448 Herennianus,
600 2392 775 2436 Proculi
802 2392 976 2449 tyranni
1007 2391 1122 2433 filius
1151 2392 1225 2433 rit.
1255 2390 1394 2432 Firm.
1418 2393 1487 2432 12.

167 2491 219 2496 -
251 2471 296 2507 L.
325 2469 561 2505 ALFIDIVS
590 2467 971 2503 HERENNIANVS.

164 2558 223 2565 —-
253 2532 537 2587 CL(AVDIVS)
568 2536 948 2572 HERENNIANVS.

139 2654 222 2696 ’69
252 2654 502 2696 Herennius
539 2652 648 2694 vitia
686 2650 869 2706 Vergilii
915 2649 1088 2704 collegit
1126 2648 1326 2691 Donatus
1363 2648 1435 2690 vit.
1484 2645 1636 2700 Verffl.
1683 2644 1872 2698 (Sueten.
1914 2643 1977 2685 ecl.

253 2720 562 2773 Reifferscheid
580 2735 629 2775 p.
651 2720 733 2774 65).

171 2797 225 2840 70
255 2796 503 2839 Herennius
536 2794 690 2851 Capito
717 2793 878 2836 ultimis
909 2792 1073 2836 Tiberii
1104 2793 1230 2835 annis
1261 2797 1304 2834 et
1333 2790 1415 2832 sub
1446 2790 1556 2834 Gaio
1588 2792 1843 2845 procurator
1872 2787 1982 2828 Iam-

256 2865 354 2907 niae
374 2865 496 2919 (quae
513 2864 616 2906 urbs
637 2865 882 2906 testamento
909 2861 1114 2912 Salomes‘,
1144 2860 1307 2903 sororis
1330 2858 1530 2908 Herodis,
1561 2857 1681 2911 faeta
1711 2858 1804 2897 erat
1833 2854 1982 2896 Liviae

256 2936 296 2975 et
314 2935 416 2987 post
443 2932 567 2974 huius
595 2934 768 2974 mortem
804 2930 868 2973 Ti.
896 2929 1097 2972 Caesaris
1127 2929 1182 2982 ef.
1213 2927 1378 2982 Ioseph.
1411 2930 1499 2968 ant.
1532 2928 1598 2975 18,
1630 2928 1672 2974 2,
1700 2924 1747 2977 2)
1778 2921 1982 2975 Iosephus

258 3004 345 3045 ant.
367 3003 433 3052 18,
455 3004 493 3051 6,
514 3003 554 3042 3.
578 3003 606 3042 4
615 3013 629 3051 ‚·
655 2999 786 3042 Philo
810 2998 888 3054 leq.
911 2998 969 3041 ad
994 2997 1095 3041 Gai.
1121 3011 1156 3041 e.
1175 2999 1231 3038 30
1252 3011 1300 3051 p.
1320 2998 1401 3038 575
1423 2995 1514 3049 (nbi
1542 2994 1682 3035 minus
1711 2993 1908 3033 accurate
1937 2991 1983 3029 ut

256 3069 422 3112 videtur
448 3068 601 3123 Capito
630 3068 787 3110 dicitur
815 3067 951 3125 φόρων
982 3066 1168 3123 ἐκλογεὺς
1197 3070 1266 3122 τῆς
1291 3063 1520 3117 Ἰουδαίας).

174 3145 255 3187 70²
284 3144 533 3186 Herennius
560 3143 800 3199 Dexippus,
833 3143 927 3184 cius
958 3142 1034 3198 qui
1064 3141 1260 3197 sequitur
1288 3138 1403 3180 filius
1430 3136 1585 3179 GIAtt.
1615 3134 1704 3177 III
1730 3135 1821 3174 717.
1853 3133 1982 3173 1202.

175 3219 223 3262 71
260 3219 310 3260 P.
340 3218 588 3260 Herennius
617 3217 863 3273 Dexippus.
916 3215 1050 3259 Tituli
1071 3214 1346 3257 Athenienses
1375 3224 1525 3260 omnes,
1563 3207 1681 3250 CIA.
1713 3206 1801 3248 III
1824 3207 1901 3246 714
1929 3203 1983 3244 ab

260 3300 307 3328 eo
338 3287 506 3341 positus
535 3285 662 3340 patri
698 3285 781 3339 (1),·
821 3287 899 3327 715
928 3284 1098 3339 positus
1137 3283 1191 3324 ab
1232 3295 1279 3323 eo
1319 3294 1411 3322 eum
1448 3280 1551 3320 esset
1592 3275 1749 3317 archon
1780 3272 1867 3328 (2),
1903 3275 1984 3313 70”

260 3356 430 3409 positus
458 3355 515 3396 ab
544 3369 592 3396 eo
621 3368 714 3395 eum
743 3356 847 3395 esset
875 3352 1127 3407 aymtotheta
1147 3352 1228 3406 (313
1259 3351 1338 3390 716
1367 3349 1426 3402 (4)
1457 3350 1496 3388 et
1526 3348 1609 3387 717
1636 3343 1694 3396 (5)
1723 3341 1862 3396 positi
1890 3340 1929 3381 ei
1956 3353 1983 3380 a
