2202 3724
132 280 297 317 IVLIVS
995 274 1079 318 219
1771 280 1937 318 IVLIVS

217 411 409 455 emhibent
446 412 609 453 nummi
648 411 763 453 tituli
793 412 956 466 papyri
965 425 978 463 ;
1018 411 1067 455 O.
1099 411 1235 454 Iulius
1275 411 1541 454 Maximinus
1582 411 1684 454 Vict.
1717 411 1838 456 Caes,
1866 415 1936 463 25,

219 479 352 522 Iulius
372 479 636 522 Maximinus
668 479 770 522 Vict.
792 494 854 534 ep.
877 483 946 530 25,
969 483 1197 534 praeterea
1217 479 1483 522 Maximinus
1504 479 1701 538 (Μάξιμος
1721 481 1939 535 Synccllus

216 563 264 602 p.
296 549 408 602 674).
472 548 645 590 Moesus
686 548 904 602 syncellus
935 563 983 603 p.
1016 552 1107 593 674.
1140 551 1219 591 681
1246 548 1409 598 Bonn.,
1450 548 1601 591 Thrax
1640 548 1742 591 Vict.
1775 564 1836 604 ep.
1867 553 1937 600 25,

220 617 418 659 Zonaras
447 620 516 667 12,
550 620 615 667 15,
648 631 701 658 ex
734 617 830 658 vico
861 617 1049 673 quodam
1078 616 1290 659 Thraciae
1326 617 1542 659 interioris
1571 617 1730 660 Herod.
1759 621 1797 668 6,
1827 621 1867 668 8,
1899 622 1937 668 1,

216 685 271 727 de
301 686 397 727 vico
423 684 637 727 Thraciae
666 686 807 727 vicino
840 685 1036 728 barbaris
1065 686 1137 728 vit.
1172 686 1402 730 Maoeimin.
1435 690 1471 736 1,
1492 689 1531 736 5,
1563 685 1759 728 barbaris
1789 701 1938 743 paren-

217 753 333 796 tibus
363 755 553 808 genitus,
587 768 770 810 quorum
802 753 911 796 alter
940 769 963 795 e
993 754 1174 809 Gothia,
1207 754 1316 797 alter
1346 769 1402 796 ex
1432 754 1614 796 Halanis
1643 755 1815 809 genitus
1846 770 1939 798 esse

215 821 547 878 perhibebatur;
587 823 700 879 patri
730 836 886 864 nomen
916 822 1070 876 Micca,
1102 823 1228 864 matri
1260 822 1448 865 Hababa
1475 824 1548 865 vit.
1582 823 1813 868 Maximin.
1846 823 1873 865 l.
1904 837 1937 867 c.

216 890 355 933 Natus
385 906 423 933 a.
448 891 528 934 172
549 890 619 932 vel
641 891 724 934 173
745 891 892 945 (LXV
912 906 1136 945 annorum,
1169 906 1267 933 cum
1295 891 1563 934 occideretur
1593 907 1630 934 a.
1653 892 1755 946 238)
1778 892 1937 934 Zonar.

216 962 285 1010 12,
318 962 382 1002 16.
443 959 590 1001 Prima
619 952 799 1001 iuventa
827 965 996 1015 pastor,
1029 958 1185 1001 deinde
1216 974 1314 1001 cum
1343 959 1522 1002 militiae
1551 974 1707 1002 nomen
1737 960 1937 1016 dedisset,

216 1035 410 1083 tempore
440 1027 699 1084 procedente
731 1041 780 1068 eo
810 1028 1020 1084 pervenit,
1047 1035 1095 1070 ut
1120 1027 1383 1070 exercitibus
1406 1034 1448 1070 et
1467 1029 1701 1084 provinciis
1721 1038 1940 1084 praeesset

215 1096 290 1150 (ὡς
319 1096 596 1154 στρατοπέδων
625 1113 668 1139 τε
699 1096 927 1152 ἐπιμέλειαν
953 1097 1081 1138 ἐθνῶν
1102 1113 1144 1139 τε
1167 1097 1293 1153 ἀρχὰς
1315 1097 1587 1153 πιστευθῆναι)
1608 1096 1768 1142 Herod.
1791 1101 1828 1148 6,
1849 1100 1890 1147 8,
1913 1101 1938 1139 1

213 1165 267 1219 cf.
300 1165 459 1209 Zonar.
489 1168 559 1214 12,
592 1167 668 1215 15,·
705 1164 840 1206 multa
880 1164 930 1206 de
959 1178 1162 1218 processu
1202 1165 1292 1206 eius
1329 1165 1513 1207 <militari
1552 1165 1670 1207 etde
1696 1166 1939 1208 muneribus

212 1234 301 1275 cius
320 1233 446 1276 habet
463 1234 534 1277 vit.
559 1232 683 1275 Max.
705 1236 810 1282 2-6,
831 1232 905 1274 sed
913 1232 1123 1287 pleraque
1142 1233 1325 1288 ficticia;
1354 1238 1423 1290 τῆς
1443 1233 1653 1290 Παιονικῆς
1673 1235 1760 1292 ἴλης
1781 1235 1937 1292 ἐξηγού-

213 1319 330 1359 μενος
341 1301 414 1358 (9),
445 1316 542 1344 cum
573 1303 808 1358 imperator
836 1300 976 1344 faetus
1007 1307 1072 1343 est
1092 1301 1188 1345 Zos.
1210 1305 1248 1352 1,
1271 1305 1336 1352 13,
1370 1304 1586 1360 στρατηγὸς
1614 1303 1808 1359 Κελτικῆς
1829 1302 1938 1357 Syn-

213 1371 339 1413 cellus
370 1385 417 1425 p.
449 1373 540 1413 674.
601 1369 654 1412 Α.
686 1371 769 1412 235
811 1385 837 1412 a
867 1369 1079 1412 militibus
1110 1371 1344 1426 imperator
1373 1369 1614 1427 appellatus
1643 1369 1807 1427 (paullo
1839 1377 1937 1412 ante

207 1439 248 1482 d.
289 1440 344 1482 25
373 1439 501 1481 Mart.
543 1439 826 1493 fraymcntum
866 1439 1075 1493 fastorum
1118 1438 1446 1481 sacerdotalium
1477 1438 1545 1481 VI
1567 1441 1683 1482 2001
1721 1453 1758 1481 v.
1790 1442 1843 1481 13
1882 1440 1936 1493 cf'.

211 1507 421 1563 Boryhesi
440 1522 533 1562 opp.
555 1512 584 1549 3
604 1522 652 1562 p.
674 1510 770 1557 450,
801 1507 932 1550 Seeck
959 1520 1064 1550 mm.
1087 1507 1222 1551 Rhcn.
1244 1510 1296 1550 41
1319 1522 1366 1561 p.
1387 1508 1495 1561 163),
1529 1508 1693 1563 primus
1715 1523 1737 1548 e
1759 1523 1937 1564 corpore

211 1577 398 1632 militari,
430 1583 472 1619 et
503 1576 696 1619 nondum
719 1582 892 1618 senator
910 1577 982 1619 vit.
1008 1576 1131 1618 Mam.
1152 1578 1192 1626 8,
1215 1580 1252 1626 1,
1275 1576 1456 1630 Eutrop.
1474 1579 1513 1626 9,
1537 1579 1574 1626 1,
1608 1576 1710 1620 Vict.
1730 1576 1850 1620 Caes.
1868 1580 1935 1620 25.

211 1646 373 1689 Consul
409 1661 446 1688 a.
476 1647 559 1689 236
602 1661 699 1688 cum
740 1645 799 1690 M.
837 1646 1048 1702 Pupienio
1082 1644 1292 1687 Africano
1329 1644 1398 1688 VI
1419 1648 1547 1688 2001.
1579 1648 1694 1687 2009
1730 1646 1782 1699 cf.
1817 1646 1936 1699 fasti.

210 1716 406 1758 Uxorem
427 1731 451 1757 e
471 1714 611 1757 medio
634 1713 743 1757 tollit
763 1714 923 1758 Zonar.
944 1717 1015 1765 12,
1039 1717 1093 1756 16
1122 1713 1192 1768 (cf.
1217 1714 1293 1756 sub
1327 1713 1518 1756 Caecilia
1547 1712 1766 1770 Paulina).
1814 1713 1938 1756 Occi-

211 1799 285 1826 sus
324 1799 459 1840 prope
497 1782 743 1839 Aquileiam
784 1782 841 1838 (a.
871 1783 975 1837 238)
1005 1782 1164 1825 Herod.
1195 1784 1235 1833 8,
1267 1785 1307 1833 5,
1340 1786 1378 1832 9,
1411 1782 1568 1825 Zosim.
1602 1786 1639 1832 1,
1671 1785 1745 1833 15,
1778 1783 1938 1825 Zonar.

133 1885 138 1889 .
210 1855 279 1903 12,
299 1856 365 1903 16,
398 1851 540 1894 Victor
561 1850 678 1894 Caes.
699 1854 766 1902 37,
799 1852 896 1906 epit.
925 1854 991 1902 35,
1023 1851 1205 1906 Eutrop.
1228 1855 1266 1902 9,
1288 1854 1328 1901 1,
1358 1852 1430 1895 vit.
1457 1851 1688 1894 Maximin.
1710 1854 1780 1901 23,
1806 1854 1843 1893 6.
1864 1854 1935 1901 32,

208 1922 279 1964 vit.
305 1921 429 1965 Max.
451 1924 491 1964 ct
509 1920 639 1963 Balb.
661 1923 728 1971 11,
750 1924 793 1972 2,
815 1921 1099 1975 Hieronymus
1120 1920 1178 1962 ad
1197 1935 1237 1964 a.
1258 1920 1366 1962 Abr.
1387 1923 1516 1971 2254,
1548 1919 1725 1963 Orosius
1744 1924 1781 1969 7,
1805 1923 1870 1970 19,
1892 1923 1935 1964 2,

210 1989 430 2044 syncellus
456 2004 506 2044 p.
537 1992 631 2040 680,
665 1993 694 2031 7
721 1988 788 2042 (dc
818 1993 1000 2044 tempore
1029 2003 1108 2043 quo
1139 1990 1299 2031 occisus
1334 1992 1394 2031 est
1424 1989 1478 2042 cf.
1510 1988 1671 2031 Eekhel
1701 1992 1728 2030 7
1758 2003 1806 2042 p.
1837 1992 1936 2037 293,

210 2059 339 2102 Seeck
367 2072 471 2102 mus.
503 2058 638 2102 Rhen.
659 2061 724 2109 41,
757 2060 866 2100 1886
887 2073 935 2112 p.
959 2059 1051 2108 166,
1085 2057 1222 2101 Sadc'e
1253 2057 1303 2099 de
1332 2058 1637 2111 imperatorum
1667 2057 1791 2099 Rom.
1824 2059 1939 2099 tertii

209 2142 257 2182 p.
286 2127 386 2172 Chr.
419 2141 528 2170 saec.
561 2127 816 2182 temporibus
846 2126 1145 2169 constituendis
1174 2125 1343 2181 [Bonn.
1374 2125 1507 2181 1891]
1529 2140 1577 2180 p.
1601 2126 1778 2177 18-23).

122 2197 204 2239 407
238 2203 279 2238 C.
319 2203 484 2239 IVLIVS
522 2202 686 2238 VERVS
724 2202 955 2238 MAXIMVS
997 2201 1193 2237 CAESAR
1233 2196 1309 2250 (sic
1350 2194 1484 2245 tituli,
1525 2195 1705 2245 nummi,
1740 2209 1936 2250 papyrus

207 2265 472 2320 Aeyyptiaca
502 2265 624 2318 infra
652 2265 811 2316 citata;
840 2264 890 2308 O.
919 2263 1056 2307 Iulius
1081 2263 1349 2307 Maximinus
1382 2262 1525 2305 Victor
1546 2261 1663 2307 Caes,
1685 2266 1767 2314 25,·
1796 2263 1935 2306 Maxi-

205 2335 349 2376 minus
381 2335 470 2375 vita
503 2333 734 2376 Maoeimin.
773 2334 957 2388 passim;
995 2332 1152 2387 reliqui
1187 2333 1413 2386 scriptores
1452 2345 1601 2374 nomen
1629 2346 1715 2374 non
1736 2333 1934 2386 ponunt).

207 2401 276 2444 De
297 2403 489 2456 pueritia
519 2403 608 2445 eius
635 2402 770 2444 multa
798 2402 926 2445 habet
950 2402 1022 2445 vit.
1046 2401 1277 2443 Maximin.
1309 2414 1342 2444 c.
1363 2403 1433 2443 27.
1464 2404 1536 2443 29.
1567 2403 1634 2450 30,
1665 2400 1739 2442 sed
1768 2401 1936 2442 omnino

211 2471 384 2526 ficticia.
443 2470 582 2513 Filius
623 2471 714 2513 eius
745 2472 820 2527 qui
850 2469 1089 2527 praecedit,
1131 2485 1157 2512 a
1185 2476 1308 2526 patre
1339 2468 1500 2512 Caesar
1528 2468 1668 2511 factus
1698 2468 1934 2513 Herodian.

211 2542 251 2590 8,
287 2543 326 2590 4,
360 2543 399 2590 9,
438 2540 510 2582 vit.
554 2539 786 2582 Maximin.
815 2542 890 2590 22,
924 2542 961 2589 6,
1004 2538 1108 2581 Vict.
1147 2537 1266 2580 Caes.
1295 2540 1374 2588 25,
1414 2552 1526 2579 anno
1569 2543 1616 2579 ut
1652 2537 1824 2579 videtur
1852 2538 1935 2580 236

213 2607 282 2650 VI
302 2611 413 2651 2001
441 2622 478 2653 v.
509 2610 652 2652 17-20
684 2608 738 2662 cf.
770 2607 980 2662 Boryhesi
1009 2621 1101 2662 opp.
1131 2609 1159 2648 3
1179 2621 1228 2661 p.
1258 2609 1352 2657 459,
1386 2605 1523 2649 Sade‘e
1553 2605 1603 2648 de
1633 2606 1935 2660 imperatorum

210 2676 334 2721 Rom.
358 2677 474 2719 tertii
490 2691 538 2731 p.
568 2676 670 2719 Chr.
689 2690 798 2719 saec.
820 2676 1076 2730 tcmporibus
1101 2674 1254 2730 (Bonn.
1278 2675 1402 2729 1891)
1426 2689 1474 2729 p.
1498 2678 1525 2716 7
1543 2673 1769 2729 (Caesaris
1800 2675 1936 2729 diqne‘-

213 2748 338 2787 tatem
358 2746 404 2787 in
426 2745 669 2788 Maximum
691 2745 888 2788 collatam
922 2758 1006 2787 esse
1037 2743 1255 2798 aliquanto
1276 2746 1379 2798 post
1398 2757 1524 2797 quam
1545 2746 1676 2798 pater
1704 2744 1937 2798 imperator

210 2814 351 2868 factus
381 2817 441 2856 est
471 2814 650 2856 ostendit
675 2815 803 2856 etiam
822 2826 1020 2868 papyrus
1039 2812 1319 2867 Aeyyptiaca,
1349 2826 1417 2866 ap.
1440 2811 1628 2867 Par-they
1656 2825 1788 2854 nuorc
1816 2826 1933 2853 niem.

212 2882 306 2925 dell'
326 2882 434 2924 Inst.
454 2884 486 2924 2
506 2897 555 2937 p.
575 2882 687 2934 440),
719 2883 953 2939 imperator
982 2897 1008 2924 a
1037 2887 1161 2938 patre
1192 2880 1433 2938 appellatus
1462 2881 1534 2923 vit.
1559 2880 1789 2923 Maximin.
1815 2883 1885 2929 29,
1911 2883 1936 2920 6

212 2951 321 3006 (cum
338 2953 469 3005 patre
498 2951 767 3005 imperavisse
796 2950 933 3006 filium
963 2950 1091 2992 ctiam
1119 2949 1358 3004 Eutropius
1387 2952 1425 2999 9,
1450 2952 1475 2991 1
1507 2949 1599 3005 ait).
1652 2948 1708 2991 In
1735 2948 1936 2991 Caesaris

211 3019 415 3074 diynitatc
435 3019 722 3074 permansisse
750 3033 880 3073 neque
913 3032 1112 3072 umquam
1142 3018 1270 3072 patri
1297 3017 1491 3072 Auyusto
1522 3020 1745 3071 aequatum
1775 3030 1861 3059 esse
1889 3016 1936 3058 id

212 3088 480 3142 potissimum
510 3087 689 3131 ostendit
716 3087 827 3141 quod
854 3088 900 3129 in
925 3087 1108 3129 nummis
1137 3089 1266 3141 caput
1294 3087 1384 3128 eius
1412 3099 1636 3139 numquam
1669 3088 1729 3127 est
1766 3085 1933 3127 laurea-

209 3160 308 3198 tum.
332 3180 382 3185 ——
406 3155 588 3198 Occisus
618 3171 706 3199 una
734 3170 833 3198 cum
859 3162 981 3212 patre
1002 3154 1236 3199 Herodian.
1258 3157 1297 3205 8,
1317 3157 1357 3206 5,
1380 3158 1419 3205 9,
1451 3155 1521 3195 vit.
1547 3154 1777 3197 Maximin.
1799 3156 1871 3203 23,
1895 3156 1932 3194 (ι’.

207 3227 279 3275 32,
309 3226 352 3275 2,
387 3223 529 3266 Victor
564 3223 683 3267 Caes.
714 3228 782 3275 37,
814 3225 911 3278 cpit.
943 3226 1010 3275 35,
1042 3223 1224 3279 Eutrop.
1257 3227 1296 3275 9,
1328 3227 1375 3275 1,
1413 3222 1626 3265 Polcmius
1656 3222 1816 3265 Silvius
1845 3221 1932 3275 (ap.

212 3292 409 3337 Momms.
439 3291 580 3336 chron.
607 3294 709 3336 min.
738 3294 772 3336 I
784 3308 832 3349 p.
852 3293 966 3348 521).

124 3362 208 3404 408
240 3361 290 3404 L.
320 3361 458 3404 Iulius
486 3362 703 3406 Vestinus.
757 3363 921 3406 Nomen
943 3362 1119 3416 plenum
1148 3361 1342 3405 exhibent
1370 3360 1591 3414 inscriptio
1614 3358 1830 3413 ponderis,
1862 3372 1931 3412 ap.
