2202 3724
265 296 491 331 LVCILIVS
1123 286 1206 327 304
1629 314 1636 320 ψ
1848 293 2064 329 LVCILLA

348 427 503 467 missus
534 423 588 465 ad
621 422 826 464 Senecam
857 435 918 475 ep.
949 423 1013 462 46.
1079 420 1283 478 Carmina
1313 421 1463 476 pangit
1491 424 1580 463 nat.
1607 424 1761 474 quaest.
1788 425 1815 464 4
1837 422 1981 476 praef.
2001 425 2065 464 14.

350 508 382 535 6.
404 497 445 543 2,
468 496 516 535 2.·
545 490 743 532 versibus
774 495 929 531 tractat
960 495 1049 531 tam
1077 488 1390 544 philosophiam
1419 503 1480 543 ep.
1505 491 1544 539 8,
1571 493 1637 531 10.
1669 493 1738 540 24,
1761 492 1905 533 19-21
1935 504 2064 547 quam

352 576 419 603 res
450 565 491 604 et
528 557 694 601 fabulas
722 557 894 600 Siciliae
924 561 1012 600 nat.
1045 560 1201 610 quaest.
1233 560 1272 607 3,
1293 561 1331 607 1,
1354 561 1392 600 1.
1425 571 1458 600 c.
1479 561 1548 608 26,
1572 561 1597 599 6
1607 571 1622 609 ‚·
1652 558 1888 614 scripturus
1919 563 1984 598 est
2013 557 2068 600 de

348 630 490 671 Aetna
509 641 570 681 ep.
593 629 655 675 79,
679 628 779 667 5-7.
803 649 853 654 —
878 624 993 666 Huic
1014 639 1041 666 a
1064 624 1207 667 multis
1238 625 1441 667 tribuitur
1461 639 1627 667 carmen
1649 626 1697 668 de
1717 625 1860 668 Aetna
1885 625 2068 680 Veryilio

349 698 395 738 in
435 694 645 737 codicibus
685 693 965 747 adscriptum,
990 692 1048 734 de
1077 707 1161 746 qua
1185 707 1232 734 re
1262 693 1316 746 cf.
1347 692 1566 736 Baehrens
1594 693 1712 736 Poet.
1745 694 1844 736 Lat.
1874 694 1974 735 min.
2005 693 2066 735 ΙΙ

351 779 397 818 p.
418 767 475 807 29
496 776 576 816 seq.
597 786 655 791 —
675 761 760 803 Hic
788 762 879 803 sine
909 760 1035 803 (lubio
1069 761 1335 815 intelleyitur,
1369 761 1441 804 sed
1467 762 1578 804 male
1602 761 1796 804 Lucillus
1828 761 1984 803 dicitur
2013 761 2066 803 ab

351 832 540 874 Honorio
572 830 751 884 quodam
780 829 1028 871 scholastico
1060 830 1105 871 in
1127 829 1315 871 versibus
1337 829 1394 871 ad
1412 830 1639 872 Iordanem
1669 831 1906 885 episcopum
1927 827 2068 882 (Riese

351 899 507 941 anthol.
529 899 625 942 Lat.
654 901 685 941 2
706 912 753 951 p.
774 900 859 940 124
888 911 930 939 n.
952 900 1031 939 166
1060 898 1114 950 cf.
1147 897 1383 939 Mommsen
1411 899 1458 940 in
1487 898 1548 940 ed.
1579 897 1781 940 Iordanis
1801 913 1850 952 p.
1871 898 1956 940 XL
1967 897 2066 950 VI).

350 967 476 1010 Hunc
516 980 600 1009 esse
639 967 867 1008 Λουκίλλιον
909 966 1257 1019 epiyrammatwm
1298 969 1508 1008 auctorem
1552 980 1684 1021 supra
1722 980 1764 1009 n.
1795 968 1895 1015 280,
1934 979 2069 1019 nuper

349 1038 585 1077 statuerunt
605 1034 824 1076 Rossbach
847 1033 1004 1076 Jahrb.
1031 1034 1063 1087 f.
1087 1033 1203 1077 Phil.
1226 1036 1331 1076 1891
1353 1049 1399 1088 p.
1420 1037 1501 1076 101
1522 1037 1562 1076 et
1582 1034 1847 1077 Sakolowski
1866 1033 1915 1076 ole
1934 1032 2066 1075 Anth.

349 1103 446 1148 Pal.
479 1106 635 1157 quaest.
666 1102 787 1157 [diss.
819 1102 940 1156 Lss'PS·
967 1101 1096 1156 1893]
1118 1117 1166 1156 p.
1187 1105 1262 1153 22,
1293 1103 1474 1156 fortasse
1503 1106 1625 1144 recte.

266 1173 347 1215 287
378 1177 607 1213 LVCILIVS
653 1176 848 1212 LONGVS
893 1170 1043 1225 (solum
1088 1184 1310 1225 cognomen
1346 1170 1502 1212 habent
1540 1171 1647 1224 fasti
1683 1170 1858 1225 Amit),
1904 1169 2070 1211 amicus

352 1240 537 1294 Tiberii,
571 1253 711 1280 comes
751 1238 867 1281 illius
908 1239 951 1279 in
992 1253 1161 1280 secessu
1191 1238 1359 1281 Rhodio
1397 1239 1494 1281 Tac.
1528 1253 1566 1283 a.
1599 1242 1638 1289 4,
1661 1241 1725 1282 15.
1778 1236 1938 1281 Consul
1971 1236 2067 1281 suff.

350 1324 387 1352 a.
409 1323 450 1364 p.
473 1307 521 1351 O.
544 1308 567 1350 7
599 1308 696 1361 fast.
719 1306 851 1350 Amit.
883 1306 939 1362 (si
955 1306 1121 1360 quidem
1139 1306 1207 1349 hic
1227 1307 1399 1362 Longus
1427 1306 1709 1361 intellegitum·
1738 1307 1792 1360 cf.
1816 1305 2027 1360 Boryhesi
2042 1307 2068 1347 5

352 1391 400 1431 Ρ.
420 1375 533 1431 308).
584 1375 755 1417 Mortuo
787 1390 824 1419 a.
846 1375 900 1417 23
935 1375 1177 1416 censorium
1209 1374 1338 1430 funus
1369 1375 1588 1417 decretum
1618 1390 1644 1417 a
1672 1381 1825 1417 senatu
1849 1374 1947 1418 Tae.
1979 1372 2005 1415 l.
2035 1386 2068 1415 c.

352 1445 469 1487 Idem
498 1443 660 1485 videtur
691 1442 915 1497 [Lchilius
946 1443 1122 1497 Longus
1163 1446 1332 1485 senatus
1369 1443 1602 1485 consultum
1631 1443 1857 1484 Aricinum
1886 1441 1976 1496 eph.
2007 1455 2068 1495 ep.

353 1517 389 1564 7,
419 1516 530 1556 1236
560 1510 756 1566 (fortasse
787 1512 946 1565 oriyi'ne
976 1511 1181 1553 Aricinus
1211 1514 1303 1553 erat
1331 1512 1471 1565 ibique
1499 1511 1728 1554 honoribus
1755 1510 1955 1564 functus).

267 1582 349 1624 288
381 1583 449 1636 (L.
471 1579 683 1632 Lucilius)
705 1579 878 1634 Lupus:
911 1580 1000 1621 eius
1028 1579 1203 1621 libertus
1224 1579 1274 1623 L.
1297 1579 1491 1621 Lucilius
1518 1579 1631 1635 Lupi
1662 1578 1690 1622 l.
1712 1579 1846 1621 Hiero
1877 1577 2070 1620 medicus

358 1649 426 1691 VI
439 1651 546 1690 7408
567 1668 620 1683 =
640 1648 776 1690 Inscr.
807 1646 886 1689 Gr.
909 1647 1030 1690 Sicil.
1054 1647 1155 1689 Ital.
1178 1650 1296 1690 1813.

268 1718 351 1760 289
382 1718 432 1760 L.
458 1716 654 1759 Lucilius
685 1716 828 1758 Pansa
859 1715 1161 1757 Priscilianus:
1194 1715 1248 1757 ab
1281 1731 1329 1757 eo
1361 1716 1452 1758 Ser.
1476 1715 1666 1758 Cornelii
1697 1715 1912 1771 Scipionis
1942 1713 2070 1757 Orfiti

355 1785 541 1828 consulis
581 1784 716 1839 filiae,
749 1783 875 1826 Orfiti
914 1783 1102 1826 consulis
1142 1785 1277 1826 sorori
1314 1785 1480 1840 positus
1511 1787 1538 1826 t.
1569 1784 1840 1826 Ausculanus
1870 1782 1952 1825 IX
1978 1784 2070 1824 663.

354 1854 558 1896 Diversus
588 1853 641 1895 ab
673 1866 719 1894 eo
749 1853 822 1906 qui
851 1853 1051 1906 sequitur,
1082 1853 1122 1893 si
1150 1855 1257 1894 recte
1289 1852 1577 1895 Mommsenus
1604 1852 1761 1907 Orfitos
1791 1850 1976 1893 consules
2004 1861 2072 1891 eos

354 1935 439 1964 esse
468 1922 618 1963 statuit
647 1921 720 1974 qui
747 1921 885 1974 fasces
912 1923 1128 1975 yesserunt
1159 1935 1197 1962 a.
1230 1924 1309 1963 149
1340 1924 1379 1963 et
1407 1923 1501 1964 178.

269 1990 351 2032 290
381 1997 425 2032 L.
456 1995 684 2031 LVCILIVS
715 1995 1060 2031 PRISGILIANVS
1097 1988 1358 2031 clarissimus
1390 1990 1478 2040 vir,
1517 1995 1722 2045 patronus
1755 1987 2071 2030 Canusinorum

354 2074 393 2100 a.
416 2060 498 2101 223
528 2058 603 2100 IX
623 2061 715 2108 338,
738 2061 809 2101 20.

283 2152 338 2156 —-
384 2133 491 2168 SEX.
523 2132 701 2167 PEDIVS
731 2131 980 2167 HIRRVTVS
1010 2131 1239 2167 LVCILIVS
1271 2131 1463 2167 POLLIO.

269 2196 347 2237 291
382 2201 610 2237 LVCILIVS
648 2201 807 2235 RVFVS
854 2193 1115 2236 clarissimus
1160 2195 1228 2235 vir
1269 2193 1533 2248 siynaculum
1572 2193 1618 2235 in
1659 2191 1870 2235 Sardinia
1907 2205 1994 2245 rep.
2024 2189 2072 2232 X

354 2266 475 2314 8059,
506 2265 601 2306 237.
670 2261 737 2304 De
778 2262 842 2304 M.
883 2262 1050 2305 Lucilio
1090 2261 1208 2315 Rufo
1254 2262 1527 2304 denariorum
1573 2261 1730 2303 liberae
1773 2260 1839 2302 rei
1873 2258 2072 2314 publicae

353 2332 514 2373 monuit
545 2330 791 2374 Mommsen.

271 2398 353 2442 292
383 2398 575 2441 Lucilius
606 2398 813 2455 *Mpuips
855 2397 944 2450 (sic,
985 2398 1049 2440 vel
1077 2398 1254 2454 Mpiups
1291 2398 1353 2441 vel
1383 2398 1564 2454 Mpups,
1602 2397 1725 2439 moolo
1763 2399 1901 2438 autem
1929 2395 2070 2451 MpPS,

355 2468 475 2509 modo
511 2467 624 2523 Mpis
668 2481 890 2521 coynomen
928 2466 1235 2521 hieroylyphice
1274 2479 1511 2521 expressum
1549 2466 1596 2507 in
1634 2468 1683 2515 t.,
1730 2467 1828 2506 teste
1866 2463 2072 2513 fflmano,

357 2535 465 2588 quocl
492 2549 585 2577 vere
621 2536 752 2588 fuerit
782 2548 1004 2589 coynomen
1035 2535 1275 2577 Romanum
1305 2534 1476 2584 Isucilii,
1516 2535 1744 2584 incertum‚·
1772 2531 1910 2575 Rufus
1941 2532 2074 2586 leqere

356 2604 439 2645 sibi
471 2604 583 2645 visus
613 2604 658 2645 in
688 2603 863 2645 obelisco
891 2602 1412 2657 Champollion-Fiyeac,
1455 2605 1554 2644 teste
1582 2601 1776 2644 Ermano
1807 2601 1833 2643 l.
1865 2614 1898 2643 c.
1920 2615 1970 2655 p.
1988 2602 2073 2643 211

357 2675 441 2715 not.
463 2671 522 2725 2),
556 2672 887 2713 Beneventanus
919 2679 966 2713 ut
997 2671 1190 2726 videtur,
1234 2670 1470 2713 obeliscum
1510 2671 1650 2711 erexit
1680 2670 1920 2711 Beneventi
1960 2682 2072 2710 anno

358 2747 506 2782 octavo
549 2740 786 2781 Domitiani
829 2740 883 2793 (a.
926 2739 1070 2794 88s'89)
1118 2743 1144 2783 t.
1187 2738 1522 2793 liieroylyphicus
1562 2752 1612 2780 ea:
1651 2738 1837 2779 versione
1874 2736 2071 2786 Ermum}

358 2808 482 2850 Rom.
514 2807 661 2849 Mittli.
692 2810 800 2850 1893
820 2822 869 2861 p.
891 2811 981 2850 212
1000 2821 1081 2861 seq.

274 2877 356 2919 293
386 2882 589 2917 LVCILIA
610 2881 841 2919 APRVLLA
861 2875 1122 2918 clarissimae
1152 2877 1381 2918 memoriae
1412 2875 1572 2917 femina
1596 2877 1623 2917 t.
1647 2874 1821 2917 Salerni
1844 2872 2074 2927 descriptus

357 2945 404 2987 X
426 2947 523 2988 523.

274 3013 376 3055 293ῐι
404 3019 607 3054 LVCILIA
638 3018 863 3053 BENIGNA
895 3011 945 3056 C.
975 3012 1115 3054 Lucili
1147 3013 1332 3066 Benigni
1363 3011 1569 3053 Ninniani
1605 3009 1754 3064 (supra
1782 3023 1824 3052 n.
1846 3007 1948 3062 284)
1986 3007 2073 3049 filia

359 3081 438 3123 IX
462 3083 568 3123 3155
598 3081 651 3134 cf.
681 3083 800 3123 3156.
832 3082 953 3122 3157.

287 3174 344 3179 -
387 3155 547 3190 ANNIA
576 3154 792 3190 LVCILLA
823 3168 877 3182 =
907 3154 1122 3189 LVCILLA
1151 3154 1392 3192 AVGVSTA.

291 3242 342 3246 —
388 3222 601 3259 DOMITIA
631 3222 859 3260 LVCILLA.

289 3310 345 3314 —
389 3291 527 3326 IVLIA
556 3290 788 3326 LVCILLA.

289 3377 345 3382 —
389 3359 603 3394 MANILIA
634 3358 863 3394 LVCILLA.
