2202 3724
258 306 424 343 IVLIVS
1119 297 1201 340 170
1892 291 2060 337 1VL1vs'

262 437 341 479 125
372 443 417 478 L.
456 433 660 487 IVL(1VS)
699 431 989 485 AVROELIVS)
1033 431 1322 485 SVLP(101VS)
1363 429 1618 484 VRA(N1VS)
1656 437 1943 473 ANTONINVS
1985 431 2062 484 (sic

343 503 505 546 nummi
542 501 683 550 aurei,
723 500 810 541 nisi
847 499 958 552 quod
993 499 1039 540 in
1078 498 1293 541 nonnullis
1331 498 1442 540 deest
1469 498 1594 553 Ura.)
1632 499 1794 540 nummi
1822 499 1943 541 aurei
1972 512 2064 540 cwm

346 572 483 625 capite
512 569 647 623 ipsius
678 567 882 617 laureato,
914 580 1015 620 quos
1036 567 1280 621 plenissime
1308 566 1514 609 recensuit
1531 565 1751 608 Froehner
1778 567 1986 609 annuaire
2016 566 2065 608 de

346 638 390 680 la
428 638 580 679 sociae
615 636 832 689 francaise
872 635 923 697 de
953 635 1277 689 numismati'que
1306 638 1359 677 10
1390 633 1529 690 (1886)
1552 649 1600 688 p.
1621 637 1702 677 189
1721 648 1802 689 seq.
1835 634 1907 688 (cf.
1939 635 2066 677 etiam

346 705 483 750 Sallet
509 718 621 747 num.
653 703 855 746 Zeitschr.
878 706 943 753 17,
975 706 1084 746 1890
1106 718 1155 757 p.
1178 706 1297 759 242),
1336 716 1466 744 unum
1507 702 1673 744 addidit
1700 702 1911 745 Blaneliet
1944 716 2066 744 revue

345 774 537 816 numism.
565 774 674 814 1893
694 786 743 826 p.
763 774 817 813 41
843 785 885 813 n.
908 775 935 813 4
965 771 1037 824 (cf.
1063 771 1223 814 Eckhel
1245 774 1280 822 7,
1302 773 1413 822 289,·
1449 769 1616 813 Cohen2
1646 774 1674 812 4
1705 785 1752 825 p.
1784 773 1907 825 503);
1931 771 2064 814 αὖτοκ.

346 840 611 895 Σουλπ(ίκιος)
638 834 870 886 Ἀντωνῖνος
901 839 993 897 Σεβ.
1025 839 1187 881 nummi
1214 840 1330 881 aerei
1358 839 1448 881 cusi
1477 839 1529 881 ab
1558 838 1775 881 Emescnis
1797 838 1963 893 Syriae,
1997 853 2065 893 ap.

345 909 564 951 Froehner
587 907 613 950 l.
637 921 670 950 c.
690 922 738 962 p.
755 910 842 950 192
861 921 943 961 seq.
955 920 969 959 ,·
999 908 1044 949 in
1062 907 1313 961 quibusdam
1334 921 1384 950 ex
1404 906 1471 949 his
1494 907 1675 949 nummis
1701 907 1852 962 leyitur
1870 919 2067 950 numerus

347 978 467 1030 ΕΞΦ,
497 979 545 1018 ut
565 978 722 1018 certum
740 976 797 1017 sit
816 975 1021 1018 Uranium
1041 975 1306 1018 Antoninum
1327 975 1596 1030 imperavisse
1617 989 1728 1018 anno
1751 974 2068 1019 Seleucidarwm

347 1048 427 1089 565
457 1046 540 1088 sive
560 1059 609 1099 p.
634 1043 738 1088 Chr.
751 1043 898 1094 25314,
929 1044 976 1086 in
1001 1057 1084 1086 uno
1105 1057 1329 1086 aureorum
1354 1042 1595 1086 saeculares
1616 1043 1759 1099 Augg.
1782 1047 1822 1086 et
1840 1047 2069 1099 praeterea

347 1114 395 1156 in
432 1113 617 1167 imaqine
656 1112 771 1167 cippi
800 1109 1018 1154 cuiusdam
1048 1126 1132 1156 cos.
1163 1113 1196 1167 Ι,
1238 1111 1349 1166 quod
1386 1111 1620 1154 derivatum
1659 1125 1744 1154 esse
1782 1126 1833 1154 eae
1861 1111 2070 1155 similibus

347 1182 529 1225 nummis
566 1180 870 1235 Philipporum
901 1181 1011 1223 cusis
1044 1195 1082 1222 a.
1115 1183 1202 1223 248
1229 1180 1335 1222 vidit
1363 1180 1583 1223 Froehner
1613 1181 1675 1236 (in
1704 1195 1762 1231 eo,
1796 1194 1913 1234 quem
1940 1179 2072 1223 edidit

348 1249 570 1300 Blanchet,
604 1249 759 1303 leyitur
787 1264 828 1306 p.
853 1264 909 1293 m.
933 1256 961 1291 t.
983 1264 1025 1305 p.
1046 1249 1226 1292 XVIIII
1253 1263 1338 1291 cos.
1360 1249 1451 1291 IIII
1476 1264 1515 1304 p.
1537 1264 1591 1305 p.,
1615 1248 1783 1291 ductum
1813 1263 1863 1292 eoe
1890 1249 2072 1291 nummis

347 1316 631 1373 Caracallae).
677 1316 873 1371 Apparet
902 1330 1045 1359 errore
1071 1317 1123 1358 ab
1147 1316 1390 1358 auctoribus
1411 1316 1480 1371 (cf.
1502 1317 1638 1373 infra)
1669 1316 1824 1360 Uranii
1850 1317 2073 1371 imperium

354 1386 486 1428 tribui
505 1385 761 1439 temporibus
782 1385 927 1428 Severi
941 1384 1194 1427 Alexandri.
1223 1383 1477 1436 (Mommsen
1497 1385 1638 1427 chron.
1660 1386 1760 1427 min.
1781 1385 1815 1428 I
1817 1400 1865 1440 p.
1881 1387 1966 1429 521
1985 1376 2070 1427 not.

354 1454 527 1497 coniecit
547 1453 650 1495 duos
669 1454 800 1507 fuisse
831 1453 1023 1504 Uranios,
1054 1453 1232 1496 alterum
1252 1453 1370 1495 cuius
1394 1456 1538 1495 extant
1556 1454 1727 1505 nummi,
1752 1454 1931 1496 alterum
1950 1453 2075 1495 huius

354 1524 537 1578 fortasse
558 1525 742 1577 patrem,
775 1523 893 1564 euius
911 1522 1136 1576 imperium
1155 1524 1412 1564 memoratur
1432 1522 1548 1576 apud
1568 1521 1786 1577 auctores).
1808 1547 1865 1553 —
1883 1522 2076 1565 Uranius

355 1591 544 1634 Edessae
575 1591 808 1646 imperator
846 1589 1106 1646 appellatuS,
1138 1590 1397 1646 opprimitur
1424 1589 1479 1632 ab
1510 1589 1760 1633 Alexandro
1797 1606 1897 1632 cum
1927 1597 2078 1633 contra

354 1661 509 1703 Persas
530 1658 690 1701 bellum
710 1665 880 1713 gereret
902 1658 1120 1713 Syncellus
1141 1673 1189 1713 p.
1217 1661 1308 1700 674.
1333 1660 1413 1700 675
1432 1658 1585 1710 Bonn.,
1616 1659 1692 1701 ubi
1710 1659 1876 1702 Edessa
1895 1659 2077 1715 ponitur

357 1743 442 1785 pro
481 1728 639 1770 Emesa
677 1741 819 1769 errore
859 1727 987 1769 etiam
1023 1726 1134 1769 alias
1165 1726 1280 1781 apud
1313 1726 1552 1781 Syneellum
1592 1727 1710 1770 obvio
1750 1725 1822 1782 (cf.
1857 1727 2077 1771 Froehner

359 1812 407 1852 p.
419 1799 529 1853 196).
541 1795 856 1838 —Antoninus
877 1811 903 1838 a
923 1795 1132 1838 militibus
1148 1796 1382 1852 imperator
1398 1797 1657 1838 constitutus
1675 1796 1771 1850 (sub
1781 1795 2076 1851 Alexandro)3

357 1873 400 1908 et
427 1880 527 1917 ,cum
559 1864 631 1906 hic
661 1865 831 1922 imperii
862 1870 1084 1921 pertaesus
1116 1864 1198 1918 (τὸν
1228 1863 1343 1920 ὄγκον
1370 1864 1439 1907 οὐκ
1460 1865 1631 1920 ἐνεγκὼν
1651 1869 1720 1922 τῆς
1741 1865 1886 1922 ἀρχῆς)
1908 1863 2011 1919 fuga
2031 1879 2077 1906 se

359 1950 382 1977 e
401 1934 541 1977 medio
562 1934 810 1977 abstulisset
830 1933 960 1991 (φυγῇ
980 1933 1217 1990 κατέστησεν
1247 1933 1385 1975 ἑαυτὸν
1417 1933 1580 1990 ἀφανῆ),
1613 1933 1803 1976 Uranius
1824 1932 2001 1990 quidam
2022 1947 2079 1974 ex

359 2002 505 2045 servili
546 2016 705 2057 genere
744 2003 978 2058 imperator
1017 2000 1258 2058 appellatus
1300 2006 1383 2056 est,
1426 2000 1502 2043 sed
1541 2016 1645 2044 mox
1684 2002 1739 2045 ad
1778 2001 2078 2044 Alexandrum

350 2071 569 2122 =adductus
609 2071 803 2113 Zosimus
831 2073 878 2120 1,
917 2072 990 2121 12,·
1031 2070 1107 2111 ubi
1146 2083 1231 2111 non
1274 2072 1382 2111 recte
1425 2069 1702 2124 distinquitur
1738 2069 1981 2113 Antoninus
2021 2069 2075 2112 ab
2158 2088 2161 2091 ·

353 2139 535 2182 'Urania
608 2139 819 2193 Uranius,
871 2137 1078 2180 Seleucus
1123 2144 1253 2194 atque
1292 2137 1509 2180 Taurinus
1549 2139 1723 2194 tyranni
1765 2137 1942 2181 fuerunt
1981 2137 2080 2193 (sub

274 2239 276 2243 ψ
361 2206 616 2262 Elagabalo)
639 2207 795 2249 Polem.
820 2206 979 2250 Silvius
1010 2206 1153 2250 latere.
1186 2205 1271 2260 (ap.
1296 2206 1533 2248 Mommsen
1562 2206 1703 2249 chron.
1725 2207 1826 2250 min.
1847 2207 1882 2249 I
1894 2221 1943 2262 p.
1963 2205 2079 2261 521).

361 2275 611 2318 Alexandro
652 2276 911 2332 imperante,
944 2274 1162 2316 Taurinus
1191 2274 1416 2329 Augustus
1452 2274 1628 2317 effectus
1662 2275 1733 2317 ‘ob
1763 2276 1960 2318 timorem
1988 2275 2081 2330 ipse

365 2360 410 2387 se
429 2344 652 2401 Euphrate
671 2343 804 2386 fluvio
827 2343 1000 2386 abiecit’
1026 2337 1168 2386 Victor
1187 2357 1248 2397 ep.
1261 2346 1330 2393 24,
1352 2342 1428 2384 ubi
1449 2342 1592 2385 eadem
1611 2355 1679 2384 res
1698 2342 1864 2385 videtur
1882 2342 2080 2397 intelle9i‚

363 2410 489 2468 quam
510 2413 558 2455 de
578 2412 796 2455 Antonino
815 2414 973 2454 narrat
991 2411 1197 2453 Zosimus.
1239 2410 1412 2465 Syriam
1437 2410 1573 2453 sedem
1594 2404 1914 2466 fuisse‘imperii
1931 2411 2084 2455 Uranii

364 2483 491 2524 etiam
530 2496 580 2524 ex
607 2482 675 2523 his
710 2484 902 2535 apparet.
932 2505 990 2510 —
1017 2480 1249 2523 Praeterea
1286 2479 1397 2521 inter
1435 2492 1502 2521 eos
1541 2479 1615 2533 qui
1637 2472 1801 2523 *contra
1837 2479 2081 2523 Gallienum

362 2550 667 2593 rebellaverunt
687 2549 951 2592 Antoninum
976 2551 1159 2590 recenset
1186 2547 1380 2590 Zosimus
1409 2551 1447 2598 1,
1469 2549 1537 2589 38.

281 2631 362 2673 126
392 2629 529 2672 Iulius
557 2628 750 2686 Auspex,
782 2644 805 2671 e
836 2627 1096 2685 primoribus
1131 2629 1374 2683 Remorum,
1407 2628 1452 2668 in
1482 2626 1662 2669 concilio
1693 2627 1934 2673 Galliarum
1963 2628 2084 2685 pacis

283 2714 285 2716 ’
367 2713 518 2741 suasor
547 2713 585 2740 a.
608 2698 663 2741 70
696 2698 794 2740 Tac.
815 2697 855 2739 h.
877 2701 915 2747 4,
939 2700 1005 2739 69.

283 2779 363 2822 127
395 2784 559 2820 IVLIVS
582 2783 775 2820 BALBVS
808 2777 877 2819 cui
898 2756 1132 2833 imperator
1152 2775 1212 2820 M.
1234 2775 1482 2818 Antoninus
1512 2776 1744 2832 rescripsit,
1776 2782 1950 2832 praetor
1978 2781 2084 2833 puto

365 2846 785 2888 fideicommissarius
815 2844 1087 2899 Papinianus
1116 2843 1218 2898 Diy.
1239 2846 1305 2894 36,
1326 2846 1365 2894 3,
1386 2846 1426 2886 5.

284 2927 365 2970 128
397 2932 440 2977 Q.
471 2931 636 2967 IVLIVS
665 2911 855 2966 BALBVS
887 2938 973 2966 cos.
1005 2923 1100 2965 suff.
1128 2937 1274 2964 mense
1306 2923 1545 2979 Septembr.
1577 2938 1616 2966 a.
1637 2923 1692 2966 85
1724 2938 1821 2966 cum
1840 2924 1898 2966 D.
1919 2921 2087 2966 Aburio

368 2995 503 3037 Basso
535 2993 636 3048 dipl.
666 2992 754 3035 mil.
782 2992 887 3047 (III
905 3006 953 3046 p.
974 2993 1085 3048 855).

286 3074 367 3128 129
398 3079 441 3123 Q.
471 3078 645 3114 IVLIVS
667 3078 860 3114 BALBVS
901 3086 984 3113 cos.
1025 3071 1118 3114 suff.
1149 3084 1296 3112 mense
1325 3070 1453 3113 Febr.
1494 3085 1531 3113 a.
1561 3072 1642 3114 129
1683 3086 1781 3114 cum
1810 3072 1859 3117 P.
1889 3071 2088 3114 Iuventio

371 3141 496 3184 Celso
517 3140 618 3196 dipl.
638 3140 726 3183 mil.
749 3139 854 3193 (ΙΙΙ
860 3154 907 3194 p
924 3139 1036 3194 875).
1052 3163 1110 3171 --
1128 3138 1221 3181 Aut
1249 3138 1320 3180 hic
1349 3145 1424 3181 aut
1453 3139 1489 3181 is
1519 3140 1594 3196 qui
1621 3140 1843 3196 praecedit
1871 3139 1925 3193 Q.
1952 3138 2089 3181 Iulius

290 3237 293 3238 ν
371 3208 533 3252 Balbus
563 3207 795 3265 proconsul
825 3208 957 3250 Asiae
987 3211 1016 3250 t.
1048 3207 1247 3249 Milesius
1274 3207 1363 3250 III
1385 3207 1431 3251 S.
1457 3210 1563 3250 7150
1593 3208 1665 3263 (=
1691 3207 1760 3251 01
1761 3208 1839 3251 Gr.
1860 3207 2004 3262 2870).

289 3290 370 3331 130
400 3288 571 3344 (Iulius)
611 3289 868 3343 Bassianus,
913 3287 1071 3344 Syrus,
1112 3302 1219 3330 avus
1259 3293 1479 3330 maternus
1520 3287 1789 3342 Caracallae,
1839 3287 1943 3329 item
1981 3300 2091 3328 avus
