2202 3724
112 306 280 345 IVLIVS
980 306 1063 350 165
1752 315 1918 352 IVLIVS

199 440 348 483 Iudaei
379 446 449 485 τοῦ
487 443 552 485 καὶ
582 443 935 501 ἀλαβαρχήσαντος
968 445 1009 487 ἐν
1042 444 1318 504 Ἀλεξανδρείᾳ
1352 446 1557 501 Iosephus
1586 449 1673 492 ant.
1703 449 1776 498 20,
1806 450 1846 499 5,
1876 451 1921 499 2,

200 509 256 563 cf.
289 509 382 552 bell.
402 512 442 561 5,
463 513 502 562 5,
522 514 551 552 3
579 511 771 565 (natione
802 512 1046 568 Aegyptius
1082 514 1180 559 Tac.
1212 514 1252 557 h.
1279 518 1318 566 1,
1339 515 1434 570 11);
1467 515 1635 558 civitate
1664 514 1867 558 Romana
1897 529 1925 558 a

206 577 270 622 Ti.
298 578 483 621 Caesare
512 578 713 622 donatum
743 580 992 622 crediderim
1019 582 1108 624 iam
1127 586 1314 637 patrem.
1366 583 1406 626 A
1443 583 1634 626 moribus
1673 585 1826 640 patriis
1854 583 1925 626 de·

201 647 330 689 scivit
347 648 434 690 IoS.
456 661 496 690 a.
522 647 549 690 l.
571 661 605 690 c.
635 646 835 690 Inlustris
857 663 988 705 eques
1010 651 1229 693 Romanus
1255 652 1353 694 Tac.
1377 665 1476 696 ann.
1500 653 1565 703 15,
1587 654 1647 695 28
1667 651 1760 705 (sub
1782 667 1823 696 a.
1843 655 1926 710 63).

202 715 465 758 Procurator
483 715 672 758 Iudaeae
692 731 719 758 a
739 715 921 759 Claudio
943 716 1082 760 factus
1104 720 1148 761 in
1167 718 1310 762 locum
1322 719 1472 776 Cuspii
1491 719 1622 775 Fadi3
1645 735 1748 763 mox
1769 722 1808 763 ei
1830 720 1927 763 sub-

202 784 376 826 stitutus
399 783 619 827 Cumanus
640 785 846 839 Iosephus
865 789 954 827 ant.
981 789 1052 837 20,
1069 790 1109 838 5,
1125 791 1157 830 2
1177 789 1231 842 cf.
1250 788 1343 830 bell.
1360 792 1403 838 2,
1426 792 1491 839 11,
1515 792 1552 832 6.
1594 787 1715 833 Α.63
1735 790 1932 832 minister

204 851 316 894 bello
347 851 604 894 Armeniaco
635 852 764 895 datus
794 852 1030 896 Corbuloni
1063 870 1089 897 a
1118 855 1292 898 Nerone
1321 858 1442 899 venit
1476 857 1520 898 in
1551 863 1694 899 castra
1722 856 1932 900 Tiridatis

209 920 306 963 Tac.
329 935 369 962 a.
391 923 455 971 15,
476 923 548 964 28.
580 920 621 963 Α
641 921 813 963 Nerone
834 921 1038 978 Aegypto
1060 923 1304 979 praefectus
1327 940 1364 968 a.
1377 926 1432 968 66
1448 925 1613 980 Ioseph.
1633 925 1727 968 bell.
1747 929 1791 976 2,
1808 928 1874 976 15,
1891 929 1930 969 1.

203 988 458 1031 Tumultum
498 989 762 1032 Iudaeorum
795 990 1092 1034 Alexandriae
1130 993 1326 1049 reprimit
1355 993 1522 1048 Ioseph.
1556 993 1648 1038 bell.
1679 997 1723 1045 2,
1744 996 1810 1045 18,
1834 997 1871 1036 7.
1893 996 1933 1036 8.

203 1056 454 1100 Praefectus
482 1057 673 1114 Aegypti
719 1059 848 1100 etiam
892 1058 972 1101 sub
1004 1058 1147 1102 Galba
1184 1064 1212 1103 t.
1243 1064 1294 1112 1,·
1338 1062 1436 1106 Tac.
1468 1061 1509 1104 h.
1540 1065 1579 1113 1,
1609 1065 1676 1104 11.
1743 1062 1855 1105 Cum
1886 1077 1935 1104 eo

203 1125 432 1168 Mucianus
463 1125 689 1168 consilium
720 1127 1007 1170 transferendi
1039 1129 1083 1170 in
1106 1129 1422 1186 Vespasianum
1447 1124 1617 1186 imperii
1648 1131 1936 1173 communicat

210 1194 308 1237 Tac.
329 1193 370 1237 h.
391 1198 435 1246 2,
458 1197 523 1237 74.
583 1195 801 1250 Legiones
839 1203 1109 1239 sacramento
1137 1198 1398 1254 Vespasiani
1432 1198 1580 1253 adegit
1619 1199 1804 1255 primus,
1845 1198 1934 1241 kal.

203 1261 325 1305 Iuliis
352 1278 391 1305 a.
413 1263 468 1306 69
502 1264 600 1306 Tac.
622 1263 662 1308 h.
683 1267 728 1314 2,
753 1267 828 1316 79;
859 1264 978 1307 Suet.
1006 1265 1126 1320 Vesp.
1151 1269 1178 1308 6
1207 1267 1262 1320 cf.
1285 1266 1490 1322 Iosephus
1511 1266 1604 1311 bell.
1626 1267 1724 1311 Iucl.
1745 1271 1784 1318 4,
1806 1271 1873 1318 10,
1895 1270 1934 1311 6.

204 1331 310 1373 Mox
349 1331 501 1374 relicta
529 1331 730 1389 Aegypto
772 1332 852 1375 sub
885 1333 985 1376 Tito
1015 1335 1060 1376 in
1090 1333 1255 1377 Iudaea
1288 1336 1500 1377 exercitui
1531 1341 1704 1392 praeest
1732 1336 1935 1390 Iosephus

206 1398 300 1442 bell.
330 1402 369 1452 5,
391 1403 430 1451 1,
452 1403 479 1443 6
509 1401 682 1454 (πάντων
712 1405 790 1444 τῶν
827 1404 1131 1460 στρατευμάτων
1172 1403 1600 1462 ἐπάρχων-Ιοεερῆαε
1631 1403 1724 1446 bell.
1756 1407 1795 1455 6,
1825 1407 1866 1455 4,
1896 1407 1936 1455 3,

206 1467 413 1527 [ἔπ]αρχος
440 1468 538 1524 [τ]οὖ
561 1466 803 1525 Ἰουδαι[κοό
840 1471 1022 1529 στρατοῦ]
1055 1474 1082 1514 t.
1116 1474 1148 1515 2
1157 1484 1171 1524 ;
1201 1472 1255 1526 cf.
1290 1472 1528 1514 Mommsen
1560 1472 1618 1514 ad
1645 1472 1734 1514 III
1757 1472 1804 1515 S.
1828 1474 1937 1515 6809

206 1557 263 1572 =
285 1537 375 1593 eph.
400 1552 462 1593 ep.
483 1541 510 1581 5
537 1553 584 1593 p.
603 1540 718 1593 578).
777 1539 964 1582 Interest
1003 1539 1222 1583 obsidioni
1262 1546 1306 1582 et
1347 1541 1660 1598 expugnationi
1691 1540 1939 1597 Hierosoly-

206 1621 375 1649 morum
396 1606 598 1661 Iosephus
621 1606 713 1651 bell.
734 1610 774 1658 5,
795 1611 866 1659 12,
887 1611 943 1660 2,·
973 1611 1011 1660 6,
1032 1612 1072 1660 4,
1093 1611 1135 1651 3.
1161 1633 1219 1639 —
1237 1608 1312 1651 Aa
1329 1609 1439 1651 hunc
1459 1609 1623 1652 videtur
1642 1609 1772 1652 verba
1796 1609 1939 1663 facere

207 1678 356 1718 auctor
395 1675 498 1718 libri
534 1677 623 1733 περὶ
659 1676 808 1733 κόσμου
848 1675 962 1730 falso
1001 1676 1231 1720 Aristoteli
1269 1678 1422 1720 tributi
1461 1675 1524 1730 (in
1556 1677 1774 1732 principio
1807 1692 1939 1732 prae-

207 1744 409 1798 fationis:
438 1746 472 1787 ὦ
504 1743 740 1802 Αλέξανδρε,
771 1745 870 1787 item
901 1746 945 1787 in
973 1745 1085 1800 fine:
1114 1747 1255 1803 πρέπει
1287 1741 1446 1803 δὀἷμαί
1466 1762 1512 1802 γε
1542 1747 1608 1789 καὶ
1637 1747 1711 1798 σοί,
1742 1745 1822 1789 ὄντι
1851 1748 1941 1804 ἡγε-

208 1812 338 1870 μόνων
379 1813 537 1871 ἀρίστῳ,
576 1815 646 1870 τὴν
687 1819 766 1856 τῶν
806 1815 1000 1871 μεγίστων
1046 1816 1216 1872 ἱστορίαν
1263 1815 1476 1872 μετιέναι),
1519 1815 1574 1869 cf.
1614 1813 1812 1870 Bernays
1852 1829 1939 1870 qes.

209 1881 428 1935 Schriften
453 1885 496 1933 2,
526 1884 614 1925 278
642 1895 724 1936 seq.
766 1882 856 1937 (secl
895 1882 1021 1925 aliter
1064 1882 1208 1926 Zeller
1251 1883 1542 1938 Sitzunqsber.
1585 1882 1625 1925 cl.
1668 1883 1768 1927 berl.
1799 1883 1942 1927 Akad.

208 1952 318 1993 1885
349 1964 397 2005 p.
426 1953 514 1994 402
541 1950 654 2005 seq).
685 1975 743 1981 ——
771 1951 988 1994 Incertum
1026 1965 1128 1994 num
1166 1951 1235 1994 hic
1276 1951 1344 1994 Ti.
1385 1951 1524 1994 Iulius
1554 1950 1810 1994 Alexander
1838 1952 1885 1994 in
1915 1954 1943 1994 t.

211 2018 389 2073 oriyinis
423 2019 610 2061 incertae
639 2019 708 2062 VI
728 2022 826 2063 294.
859 2044 915 2050 -
950 2020 995 2065 Τ.
1026 2020 1168 2063 Iulius
1199 2019 1489 2075 Alexand[er]
1517 2020 1751 2062 honoratus
1791 2034 1819 2062 a
1856 2019 1943 2074 Gy-

119 2083 128 2084 *
210 2086 362 2129 theatis
392 2087 763 2139 (Lebas-Foucart
790 2091 878 2132 245
885 2091 915 2144 ⁶)
946 2089 987 2130 si
1012 2103 1213 2143 umquam
1248 2089 1354 2142 fuit,
1387 2102 1462 2131 nec
1491 2091 1656 2130 tantum
1686 2088 1944 2143 excoyitatus

213 2168 241 2197 a
260 2156 563 2199 Lenormantio
593 2154 714 2209 (mus.
735 2156 872 2202 Rhen.
895 2159 1004 2199 1866
1023 2171 1070 2212 p.
1092 2160 1179 2200 397
1204 2171 1247 2199 n.
1269 2159 1384 2213 256),
1417 2157 1604 2199 diversus
1632 2157 1764 2211 fuisse
1783 2159 1944 2211 putan-

127 2292 183 2335 93
212 2223 291 2338 giis
312 2227 448 2336 Ielsliius
481 2292 783 2349 Ale[xan]der,
826 2293 875 2337 O.
908 2293 983 2350 [f.]‚
1016 2293 1134 2337 tribu
1166 2293 1311 2349 Corn„
1349 2293 1625 2351 equestribus
1655 2292 1821 2336 militiis
1851 2308 1946 2350 per-

213 2361 400 2417 functus,
431 2368 688 2419 procurator
717 2363 821 2419 imp.
846 2362 1027 2405 Traiani
1059 2395 1166 2406 .....
1196 2362 1465 2420 provin[ciae
1486 2361 1672 2417 Cre]tae‚
1704 2363 1806 2404 item
1838 2362 1949 2418 [pro-

213 2430 400 2485 vinciae]
430 2429 563 2473 Asiae
594 2434 622 2475 t.
653 2430 866 2485 Ephesius
889 2431 979 2474 III
997 2431 1046 2475 S.
1070 2434 1193 2476 7130.

37 2487 52 2496 '
129 2499 187 2542 94
215 2505 256 2542 c,
279 2505 444 2542 IVLIVS
466 2505 780 2541 ALEXANDER
804 2505 1181 2542 BERENIOIANVS
1216 2498 1449 2556 proconsul
1470 2499 1602 2542 Asiae
1623 2498 1704 2542 sub
1724 2498 1948 2542 Hadriano

215 2571 245 2611 t.
260 2567 471 2622 Ephesius
491 2567 722 2622 descriptus
743 2581 772 2610 a
788 2567 981 2622 Cyriaco,
1004 2582 1073 2623 ap.
1086 2568 1301 2611 Riemann
1327 2567 1427 2612 bull.
1446 2567 1495 2610 de
1511 2581 1620 2610 corr.
1634 2567 1729 2610 hell.
1751 2567 1786 2610 I
1793 2581 1841 2622 p.
1857 2570 1949 2612 292

214 2650 258 2680 n.
277 2639 346 2679 80.
406 2636 511 2679 Post
545 2640 719 2679 mortem
759 2636 951 2679 Sabinae
964 2669 974 2687 ,
1017 2637 1046 2681 i.
1079 2651 1112 2679 e.
1144 2639 1247 2690 post
1277 2651 1316 2678 a.
1349 2639 1451 2687 136,
1483 2636 1780 2691 proconsulem
1816 2636 1949 2690 fuisse

215 2706 368 2748 statuit
394 2703 630 2756 Riemann,
653 2708 862 2760 proptera
891 2704 1005 2759 quod
1034 2706 1079 2747 in
1110 2705 1235 2747 titulo
1266 2705 1436 2748 Sabina
1466 2704 1622 2747 dicitur
1652 2706 1730 2748 θεά
1759 2704 1948 2764 (Σαβίναν

217 2775 288 2831 τὴν
319 2774 412 2817 θεὸν
443 2774 648 2832 Σεβαστὴν
675 2778 839 2830 γυναῖκα
870 2774 1157 2831 αὐτοκράτορος
1185 2774 1312 2828 κτλ.);
1340 2773 1447 2815 mihi
1473 2773 1638 2816 videtur
1666 2774 1727 2815 sic
1758 2773 1949 2827 potuisse

217 2842 349 2885 scribi
367 2843 494 2885 etiam
513 2843 609 2884 viva
623 2842 802 2885 Sabina.
817 2866 869 2873 —
890 2842 1106 2885 Oriundus
1125 2842 1294 2885 violetur
1315 2856 1366 2884 esc
1385 2842 1516 2896 stirpe
1536 2842 1656 2897 reqia
1676 2841 1946 2892 Iudaeorum,

219 2911 266 2954 in
279 2925 363 2965 qua
380 2924 530 2954 nomen
539 2910 817 2953 Bereniciani
835 2911 965 2954 etiam
986 2911 1094 2953 alibi
1112 2911 1335 2962 invenitur,
1348 2911 1532 2965 fortasse
1549 2909 1596 2954 G.
1609 2909 1717 2952 Iulii
1725 2909 1947 2965 Aqrippae

222 2980 372 3035 (supra
398 2993 441 3022 n.
462 2978 533 3033 87)
562 2979 691 3034 filius.

135 3047 190 3091 95
221 3053 285 3090 ΤΙ.
317 3053 482 3090 IVLIVS
512 3053 825 3089 ALEXANDER
858 3053 1096 3090 IVLIANVS
1136 3045 1214 3100 (sic
1245 3050 1325 3090 aet.
1356 3047 1462 3090 Arv.
1494 3061 1535 3090 α.
1567 3049 1672 3097 118;
1710 3047 1777 3089 Ti.
1811 3045 1947 3089 Iulius

222 3115 416 3159 Iulianus
435 3115 687 3159 Alexander
715 3118 796 3158 act.
818 3115 924 3159 Arv.
952 3130 993 3159 a.
1015 3119 1096 3159 119
1124 3130 1162 3158 v.
1192 3119 1219 3159 4
1249 3119 1288 3158 et
1318 3130 1357 3160 a.
1379 3118 1471 3166 145,
1504 3116 1571 3158 Ti.
1592 3114 1728 3157 Iulius
1753 3113 1948 3157 Iulianus

223 3187 304 3227 act.
335 3184 440 3227 Arv.
472 3199 513 3227 a.
535 3187 615 3227 119
643 3198 680 3227 v.
710 3187 751 3236 8,
782 3185 823 3227 si
850 3184 960 3227 idem
990 3187 1071 3235 est,
1113 3184 1251 3227 Iulius
1282 3183 1533 3227 Alexander
1562 3183 1681 3237 Dio).
1742 3182 1947 3224 Fortasse

223 3252 340 3309 filius
378 3256 455 3295 aut
489 3266 618 3308 nepos
661 3252 725 3296 Ti.
765 3253 875 3296 Iulii
900 3252 1144 3296 Alexandri
1183 3252 1332 3308 (supra
1360 3267 1401 3295 n.
1432 3252 1521 3306 92).
1581 3251 1700 3293 Bello
1744 3250 1946 3292 Parthico

223 3321 401 3364 Traiani
421 3321 588 3377 legatus
608 3320 790 3376 legionis
811 3322 1138 3380 (ὑποστράτηγος)
1161 3321 1403 3365 Seleuciam
1423 3321 1541 3377 capit
1566 3334 1652 3362 una
1673 3333 1771 3361 cum
1787 3318 1947 3361 Erucio

225 3389 355 3433 Claro
382 3388 473 3432 Dio
498 3391 568 3441 68,
590 3392 662 3433 30.
717 3388 963 3447 (Consulem
999 3388 1221 3442 suffectum
1254 3390 1387 3444 fuisse
1414 3403 1455 3432 a.
1485 3391 1570 3431 117
1594 3401 1684 3430 una
1711 3400 1806 3430 cum
1835 3386 1937 3430 Sex.
