2202 3724
166 284 377 325 MVSSIVS
1033 276 1116 319 395
1731 285 1975 321 MYSTICVS

166 415 251 458 554
280 414 332 458 L.
363 415 554 458 Mussius
589 415 870 470 Aemilianus,
912 416 1034 471 signo
1064 414 1320 472 Aegippius,
1359 421 1564 472 quattuor
1603 415 1868 471 militiarum,
1911 418 1979 458 vir

251 485 474 539 egregius3
515 484 759 541 praefectus
789 483 1089 526 vehiculorum
1119 485 1250 526 trium
1286 485 1620 540 provinciarum,
1663 483 1831 528 Galliae
1861 486 1976 540 Lug-

252 551 471 607 dunensis,
510 553 817 608 Narbonensis,
857 553 1158 610 Aquitanicae,
1200 553 1255 595 ad
1297 554 1540 595 sestertium
1578 554 1806 608 sexaginta
1835 554 1978 607 milia3

251 621 505 677 procurator
533 620 829 664 Alexandriae
860 620 1006 664 Pelusi
1037 621 1235 676 P[hari‘?]
1267 621 1322 663 ad
1353 623 1599 663 sestertium
1629 629 1803 664 centum
1834 622 1978 676 milia,

250 696 506 745 procurator
544 696 694 746 portus
733 691 958 746 utriusque
995 689 1050 732 ad
1085 690 1346 745 [sestertium
1378 689 1565 732 ducenta
1594 689 1728 745 milia]
1761 692 1817 744 (a.
1852 691 1976 745 247)3

250 757 449 800 Laurens
470 758 663 801 Lavinas
690 762 716 803 t.
739 759 932 801 urbanus
951 758 1015 801 vel
1033 759 1183 813 potius
1206 758 1456 801 Portuensis
1477 758 1546 801 VI
1557 762 1668 802 1624
1683 760 1975 803 =X1V17a

250 825 379 879 Quem
391 830 621 881 praeterea
642 828 747 869 citat
763 827 1011 880 Hirschfeld
1030 827 1161 869 Verw.
1175 842 1222 881 p.
1238 830 1325 870 312
1355 827 1524 869 titulum
1547 827 1709 870 Mussii
1726 827 1974 878 Aemiliani,

248 908 334 937 non
363 898 424 938 est
453 896 555 946 eius,
586 895 660 938 sed
689 895 885 938 Mussiae
916 896 1110 946 alicuius,
1143 895 1212 938 VI
1232 898 1395 939 22772.
1927 923 1933 929 «

163 962 248 1005 555
275 962 487 1006 Mustius:
518 963 576 1006 ad
607 979 705 1006 eum
736 966 909 1020 scripsit
938 963 1105 1006 Plinius
1136 978 1198 1018 ep.
1227 967 1266 1014 9,
1287 967 1352 1006 39.

163 1031 248 1073 556
277 1037 320 1074 Τ.
359 1038 574 1074 MVSTIVS
615 1038 881 1074 HOSTILIVS
921 1038 1187 1074 FABRICIVS
1228 1039 1473 1074 MEDVLLA
1514 1032 1801 1075 AVGVRINVS
1843 1033 1891 1076 C.
1934 1033 1975 1084 f.,

250 1098 367 1142 tribu
401 1100 540 1143 Fabia
576 1101 756 1155 (ori-aine
795 1099 1075 1155 Patavinus);
1114 1099 1292 1142 allectus
1333 1101 1447 1142 inter
1487 1101 1740 1143 tribunicios
1780 1101 1834 1144 ab
1875 1103 1975 1157 imp.

250 1168 418 1223 Nerva,
460 1175 658 1225 praetor3
704 1169 876 1211 Patavii
917 1175 1093 1211 curator
1132 1169 1310 1223 aerarii,
1358 1169 1418 1211 ibi
1460 1170 1604 1225 potius
1643 1185 1773 1226 quam
1815 1171 1978 1212 Romae

248 1237 445 1293 pontifex
475 1237 623 1280 titulus
652 1237 890 1279 Patavinus
920 1236 964 1279 V
981 1240 1116 1280 2822.
1146 1262 1205 1267 ——
1234 1237 1379 1279 Huius
1406 1241 1456 1279 ut
1482 1238 1648 1280 videtur
1675 1253 1785 1280 uxor
1816 1238 1904 1281 Sab
1919 1273 1927 1281 .
1943 1272 1951 1281 .
1966 1272 1976 1282 .

249 1304 427 1358 Quinta·
449 1305 498 1350 O.
535 1305 563 1348 f.
578 1339 589 1356 ,
629 1305 817 1359 Must(ii)
844 1305 1102 1360 Aug(urini)
1142 1305 1306 1360 teyulae
1336 1307 1434 1360 αρτ-ε’
1459 1306 1666 1349 Patavini
1694 1306 1868 1357 V8H0‚
1891 1310 1979 1350 288

247 1372 358 1429 (cum
385 1374 592 1416 inoertwm
620 1375 688 1424 sit,
725 1375 802 1417 ubi
839 1375 1022 1428 incipiat
1058 1375 1274 1428 seri'10tura
1306 1374 1460 1416 harum
1490 1375 1746 1429 teyularum,
1784 1375 1981 1418 nonnulli

248 1443 536 1497 eoyitaverunt
559 1442 608 1485 de
634 1443 793 1496 Quinta
813 1442 983 1485 Mustia
1002 1442 1232 1497 Auyurina
1253 1442 1422 1486 Sabina
1449 1443 1689 1486 clarissima
1709 1444 1883 1497 femina,
1908 1444 1980 1485 vix

246 1511 386 1565 reete).
407 1535 457 1541 —-
478 1511 693 1554 Incertum
716 1526 816 1554 num
829 1515 1057 1566 praeterea
1080 1511 1206 1553 huius
1227 1511 1448 1567 Auyurini
1464 1526 1574 1554 uxor
1594 1511 1766 1568 (altera)
1787 1512 1978 1554 Asconia

248 1578 298 1622 C.
330 1579 373 1631 f.,
403 1578 635 1634 Augurini,
666 1579 867 1622 sacerdos
900 1580 1028 1622 divae
1058 1579 1309 1622 Domitillae
1341 1583 1368 1622 t.
1400 1580 1639 1623 Patavinus
1669 1580 1711 1623 V
1730 1583 1861 1624 2829.

163 1648 245 1691 557
278 1654 322 1699 Q.
352 1654 567 1691 MVSTIVS
597 1654 802 1691 PRISGVS
843 1648 994 1691 consul
1034 1663 1131 1691 cum
1167 1649 1227 1691 M.
1258 1649 1414 1691 Pontio
1443 1648 1653 1692 Laeliano
1683 1664 1832 1691 mense
1862 1649 1976 1704 Aug.

248 1731 286 1759 a.
319 1717 403 1759 inc.
434 1716 705 1773 aliquantum
735 1723 833 1773 post
864 1732 902 1760 a.
927 1718 1008 1760 143
1037 1717 1238 1772 (fortasse
1268 1731 1308 1759 a.
1340 1717 1430 1768 163,
1462 1718 1503 1759 si
1531 1717 1694 1772 quidem
1727 1717 1887 1772 eolleya
1916 1720 1978 1760 est

250 1785 395 1828 consul
425 1785 673 1828 ordinarius
701 1800 740 1827 a.
762 1785 859 1839 163)
891 1785 960 1828 VI
979 1789 1136 1829 24162.

163 1853 247 1895 558
279 1860 323 1904 Q.
361 1853 666 1909 MVTILLUVS]
707 1860 836 1896 SVRA
876 1860 1124 1897 ACCIANVS
1170 1860 1330 1897 NEPOS
1381 1855 1602 1898 decemvir
1642 1854 1830 1898 stlitibus
1866 1854 1976 1897 iudi·

249 1921 399 1964 candis
430 1923 494 1964 tit.
524 1922 811 1976 Aquileiensis
840 1922 883 1965 V
902 1925 998 1966 876.

163 1991 248 2033 559
276 1996 490 2033 MVTILIA
534 1997 713 2034 PRISCA
755 1992 909 2034 Liviae
951 1994 1196 2034 necessaria
1242 1993 1342 2035 Tae.
1388 2007 1428 2037 a.
1466 1996 1514 2043 4,
1546 1996 1616 2036 12.
1697 1992 1823 2035 Uxor
1863 1992 1977 2033 Fufii

251 2059 440 2114 Gemini,
471 2074 571 2102 cum
601 2075 685 2117 quo
716 2067 895 2102 mortem
928 2060 1020 2103 obit
1048 2077 1086 2103 a.
1109 2063 1159 2104 31
1190 2061 1278 2103 Dio
1304 2064 1370 2111 58,
1402 2065 1429 2104 4
1458 2061 1551 2116 (ubi
1580 2061 1767 2103 traditur
1796 2060 1978 2103 Πουπλία

249 2128 415 2186 Πρίσκα,
453 2129 553 2170 item
588 2143 740 2171 nomen
777 2129 862 2171 viri
895 2129 1013 2177 Γοΐίος
1043 2128 1218 2186 Ῥοῦφος
1258 2130 1288 2173 Γ
1291 2132 1461 2187 εμίνιοςι,
1503 2144 1612 2174 corr.
1644 2129 1891 2184 Nipperdey
1922 2128 1980 2171 ad

252 2211 351 2240 ann.
379 2199 419 2247 5,
449 2196 511 2251 2).

176 2290 234 2295 -
275 2272 328 2310 M.
359 2272 507 2308 PAPIV
510 2272 534 2307 S
563 2272 800 2308 MVTILVS.

163 2335 247 2377 560
277 2333 418 2376 Mutia
444 2334 590 2390 Festa,
620 2334 802 2377 Pediani
831 2335 979 2390 (uxor)
1012 2335 1080 2378 VI
1092 2338 1248 2380 22784.
1301 2335 1367 2390 Cf.
1388 2336 1465 2378 sub
1493 2337 1540 2389 Q.
1562 2336 1748 2378 Asconio
1769 2335 1976 2378 Pediano.

163 2403 240 2445 561
276 2402 445 2457 Mutus,
487 2402 753 2459 temporibus
784 2403 956 2446 Horatii
989 2411 1116 2446 notus
1147 2405 1192 2445 in
1223 2404 1330 2447 urbe
1362 2411 1408 2446 ut
1437 2405 1618 2446 maritus
1649 2405 1799 2446 uxoris
1830 2403 1978 2446 divitis

149 2507 152 2511 .
250 2471 345 2526 (‘ex
373 2471 491 2525 agris
521 2470 753 2514 dotalibus'
780 2471 1013 2528 plurimum
1035 2472 1239 2514 frumenti
1263 2472 1448 2527 redegit)
1469 2472 1623 2517 Horat.
1646 2474 1764 2527 (pist.
1786 2477 1823 2523 1,
1846 2476 1884 2524 6,
1905 2476 1975 2516 26.

163 2541 247 2582 562
276 2539 490 2596 Myrinus,
521 2539 738 2595 gladiator
768 2540 968 2583 Martial.
990 2544 1060 2592 12,
1081 2543 1153 2592 29,
1175 2545 1225 2593 7,·
1254 2541 1363 2584 alius
1394 2542 1450 2584 ib.
1481 2544 1606 2595 spect.
1633 2545 1704 2592 20,
1737 2542 1791 2595 ef.
1822 2540 1977 2583 Fried-

249 2607 422 2651 laender
451 2607 510 2650 ad
538 2608 565 2651 l.
597 2622 631 2651 e.

163 2677 247 2718 563
276 2676 512 2733 Myrismus
533 2676 825 2733 (Myrissimus
847 2677 1047 2728 traditur,
1069 2678 1328 2720 Mirissimus
1359 2678 1499 2721 editur
1527 2678 1624 2721 inde
1646 2693 1673 2720 a
1695 2677 1976 2731 Casaubono),

250 2745 447 2801 impurus
468 2745 607 2800 homo,
631 2745 928 2800 flagitantibus
949 2746 1161 2790 militibus
1182 2747 1237 2790 ab
1253 2746 1490 2802 Elagabalo
1513 2753 1703 2789 remotus
1723 2748 1795 2791 vit.
1811 2746 1976 2800 Helioy.

248 2815 314 2864 15,
344 2815 389 2856 2.

163 2882 248 2924 564
276 2881 418 2937 Myro,
450 2881 623 2926 Claudii
652 2881 693 2937 l.,
723 2898 750 2925 a
777 2889 961 2939 patrono
991 2884 1159 2925 occisus
1190 2884 1352 2927 Seneca
1383 2898 1500 2938 apoc.
1527 2887 1594 2926 13.

175 2974 233 2980 —
276 2956 322 2992 L.
351 2956 540 2992 MARIVS
570 2957 855 2993 VEGETINVS
886 2957 1179 2994 MARCIANVS
1214 2958 1512 2994 MINICIANVS
1543 2958 1899 2994 MYRTILIANVS.

164 3018 247 3060 565
276 3017 502 3074 Mysticus,
534 3020 822 3075 pantomimus
852 3020 1119 3076 temporibus
1149 3019 1280 3062 Plinii
1313 3020 1432 3063 Plin.
1463 3020 1503 3062 h.
1534 3035 1575 3064 n.
1609 3024 1646 3070 7,
1678 3023 1770 3062 184.
