2190 3724
117 274 333 312 FLAVIVS
995 266 1051 310 69
1713 270 1929 309 FLAVIVS

203 419 281 460 que
311 406 346 447 a·
374 407 448 460 qui
475 419 543 448 eos
575 406 705 448 libros
735 404 1041 455 adhibueram
1071 403 1120 446 de
1140 403 1312 457 Iosephi
1339 402 1402 444 vel
1422 404 1569 458 potius
1599 403 1743 458 Iosepi
1764 403 1931 446 nomine

204 474 259 528 ef.
284 474 412 516 M'ese
430 474 492 516 ed.
514 474 653 516 maior
680 473 759 516 vol.
782 473 815 515 I
837 472 988 527 [1887]
1009 472 1154 527 praef.
1176 486 1225 526 p,
1254 471 1321 527 V),
1354 471 1556 527 Iudaeus,
1579 471 1788 514 Matthiae
1817 471 1930 513 filius

125 566 129 571 =
205 542 298 585 bell.
320 546 346 584 1
367 542 513 596 praef.
545 546 582 593 1,
614 543 686 584 m't.
715 545 759 584 2.
805 541 875 583 De
905 539 1131 583 nobilitate
1161 555 1240 582 sua
1268 540 1358 594 ipse
1389 540 1461 581 m't.
1490 543 1515 581 1
1546 540 1599 594 ef.
1634 543 1720 582 ant.
1743 543 1807 591 16,
1832 542 1869 590 7,
1892 542 1930 582 1.

205 611 342 653 Natus
364 626 401 653 a.
424 626 465 667 p.
483 610 585 653 Chr.
603 611 657 653 37
690 613 777 652 aret.
799 613 870 659 20,
893 612 957 659 11,
980 612 1012 652 2
1039 609 1094 662 cf.
1125 608 1196 650 vit.
1228 610 1294 650 15.
1344 607 1496 650 Annos
1522 615 1649 651 natus
1670 609 1826 664 viginti
1855 623 1933 650 sex

205 679 287 721 iter
316 679 498 722 Romam
529 679 710 735 suscipit
749 678 805 720 ad
844 678 1038 733 captivos
1069 676 1278 734 quosdam
1317 676 1565 719 liberandos
1593 677 1667 721 vit.
1697 681 1737 719 3.
1790 677 1845 720 A.
1878 677 1933 719 66

205 758 302 789 cum
333 747 484 789 Iudaei
516 763 541 789 a
562 747 767 789 Romanis
798 746 1050 800 deficerent,
1083 746 1255 801 utrique
1287 744 1508 789 Galilaeae
1538 746 1807 802 praepositus
1840 744 1934 787 bell.

206 819 249 866 2,
272 819 342 866 20,
364 819 403 866 4,
433 816 505 858 vit.
530 819 567 858 7.
600 817 685 858 Res
717 816 761 856 in
783 813 980 859 Galilaea
1010 829 1036 856 a
1065 828 1109 855 se
1135 820 1280 868 gestas
1311 815 1490 869 exponit
1512 813 1605 856 bell.
1626 818 1668 865 2,
1691 818 1762 865 20,
1783 817 1810 857 5
1829 827 1936 867 3694

203 887 243 934 3,
265 888 305 934 4,
327 888 366 926 1.
398 898 431 927 6.
454 887 492 935 6,
523 887 562 926 3.
596 898 630 926 6.
655 887 690 934 7,
712 887 756 927 2.
797 884 1019 939 Iotapatae
1050 882 1248 924 obsessus
1282 882 1374 923 bell.
1395 885 1434 932 3,
1459 885 1496 932 7,
1518 885 1546 923 3
1565 896 1646 937 seq.
1689 882 1825 939 Capto
1854 882 1937 924 hoc

209 952 367 1009 oppido
409 953 454 994 in
483 958 736 1009 potestatem
768 951 1027 1007 Vespasiani
1058 951 1259 1007 pervenit
1290 950 1381 995 bell.
1412 952 1452 1000 8,
1475 953 1575 1001 1-8,
1608 952 1675 993 cui
1707 951 1937 1008 imperium

206 1020 419 1078 praedicit
448 1022 505 1063 ib.
527 1024 565 1070 9,
598 1020 713 1063 Suet.
748 1019 866 1074 Vesp.
887 1022 926 1070 5,
958 1019 1046 1061 Dio
1077 1022 1141 1069 66,
1174 1022 1211 1060 1.
1277 1018 1347 1060 Ab
1380 1019 1638 1074 imperatore
1668 1019 1936 1075 Vespasiano

205 1089 392 1131 vinculis
422 1088 645 1131 exsolutus
678 1087 771 1130 bell.
793 1091 831 1138 4,
855 1091 921 1138 10,
947 1090 984 1129 7.
1025 1087 1342 1143 Vespasianum
1368 1088 1600 1128 comitatur
1624 1086 1938 1129 Alexandriam

205 1158 278 1200 vit.
301 1160 365 1208 75,
397 1171 431 1199 6.
451 1157 538 1211 Ap.
559 1161 598 1207 1,
621 1160 661 1199 9.
714 1156 844 1198 Redit
873 1170 970 1198 cum
997 1155 1096 1196 Tito
1129 1156 1174 1196 in
1206 1154 1434 1208 Iudaeam,
1468 1155 1541 1197 ubi
1573 1154 1694 1197 adest
1725 1155 1940 1197 obsidioni

206 1225 608 1282 Hierosolymorum
626 1239 660 1267 6.
678 1224 764 1279 Ap.
786 1228 824 1274 1,
851 1227 890 1274 9,
925 1223 1017 1265 bell.
1038 1226 1076 1274 5,
1101 1227 1140 1274 9,
1163 1227 1194 1266 2
1212 1237 1309 1277 seq„
1343 1237 1376 1264 6.
1404 1226 1467 1273 13,
1491 1226 1530 1264 3.
1581 1224 1727 1265 Titum
1760 1225 1941 1266 Romam

208 1295 446 1349 comitatus,
479 1295 654 1336 civitate
683 1293 870 1335 donatur
900 1308 926 1334 a
955 1292 1246 1347 Vespasiano,
1287 1292 1390 1333 item
1419 1291 1583 1347 opibus,
1618 1292 1720 1333 item
1749 1293 1865 1346 agris
1897 1293 1941 1334 in

209 1363 374 1406 Iudaea
393 1364 465 1405 vit.
489 1366 542 1405 76
551 1376 564 1414 ,·
593 1362 687 1418 agri
719 1363 812 1403 eius
844 1362 889 1402 in
910 1360 1075 1403 Iudaea
1105 1361 1175 1402 siti
1202 1361 1413 1402 immunes
1439 1360 1541 1401 facti
1563 1375 1589 1401 a
1609 1360 1858 1403 Domitiano
1883 1361 1941 1402 ib.

209 1431 413 1474 Ionathas
434 1431 697 1488 Cyrenensis
718 1445 816 1472 eum
837 1429 1126 1472 calumniatur
1156 1428 1232 1470 sed
1262 1428 1426 1470 frustra
1455 1429 1512 1470 ib.
1545 1428 1637 1470 bell.
1670 1432 1708 1479 7,
1730 1432 1796 1479 11,
1815 1432 1855 1471 3.
1885 1453 1944 1460 —-

209 1500 381 1544 Uxores
412 1500 540 1543 duxit
570 1506 655 1542 tres
685 1500 743 1542 ib.
776 1501 841 1542 75.
865 1501 930 1540 76.
991 1497 1092 1540 Filii
1123 1498 1369 1553 HyrcanuS,
1405 1497 1560 1551 Iustus,
1594 1496 1838 1539 Simonides
1869 1498 1942 1553 qui

211 1575 254 1611 et
281 1568 482 1626 Agrippa
520 1568 596 1623 (cf.
624 1582 758 1622 supra
787 1567 847 1610 M.
878 1566 1058 1609 Flavius
1090 1566 1304 1622 Agrippa)
1336 1566 1393 1608 ib.
1420 1590 1479 1595 —-
1517 1566 1622 1607 Post
1652 1567 1858 1623 scriptam
1888 1565 1942 1607 de

210 1636 325 1680 bello
346 1637 524 1680 Iudaico
547 1637 771 1679 historiam
793 1649 988 1678 sermone
1009 1635 1148 1691 patrio
1172 1634 1265 1676 bell.
1287 1638 1313 1676 1
1331 1634 1478 1688 praef.
1501 1637 1538 1684 1,
1564 1633 1698 1676 edidit
1719 1634 1772 1676 de
1795 1634 1946 1676 eodem

214 1705 328 1748 bello
350 1705 482 1749 libros
500 1707 669 1750 Graece
690 1706 872 1761 scriptos
892 1704 981 1746 VII
1007 1704 1063 1745 ib.
1086 1706 1155 1753 12,
1179 1703 1254 1759 qui
1277 1709 1440 1753 extant,
1463 1704 1549 1744 iam
1569 1702 1820 1745 Domitiano
1842 1709 1945 1759 puto

212 1775 443 1830 imperium
473 1774 641 1830 adepto,
670 1779 847 1829 propter
877 1772 1116 1814 mentiones
1149 1771 1240 1813 eius
1266 1770 1524 1813 honorificas
1554 1775 1593 1821 4,
1615 1774 1681 1822 11,
1702 1775 1752 1823 4,·
1783 1775 1819 1822 7,
1841 1775 1880 1821 4,
1902 1774 1945 1820 2,

214 1843 373 1885 deinde
395 1842 585 1900 impulsu
604 1841 889 1899 Epaphroditi
913 1844 1000 1883 ant.
1022 1844 1047 1882 1
1069 1840 1214 1894 praef.
1235 1843 1279 1890 2,
1301 1840 1373 1881 vit.
1397 1843 1462 1890 76,
1487 1840 1794 1895 antiquitatum
1814 1839 1946 1883 libros

213 1911 316 1967 XX,
352 1926 466 1954 anno
496 1911 735 1953 Domitiani
771 1910 938 1952 decimo
969 1910 1096 1951 tertio
1135 1911 1222 1950 ant.
1257 1911 1329 1959 20,
1359 1911 1424 1959 11,
1452 1912 1495 1958 2,
1527 1923 1631 1950 111οΧ
1663 1908 1718 1950 de
1749 1910 1841 1951 vita
1871 1923 1949 1950 sua

216 1979 378 2023 librum
409 1980 464 2034 cf.
495 1980 566 2031 ib„
599 1978 787 2035 denique
817 1985 968 2021 contra
991 1977 1208 2034 Apionem
1237 1976 1369 2019 libros
1400 1976 1507 2019 duos
1532 1976 1588 2019 ad
1620 1976 1805 2019 eundem
1835 1976 1949 2032 Epa-

166 2051 175 2053 *
215 2048 466 2106 phroditum
495 2062 529 2091 6.
554 2047 641 2102 Ap.
663 2051 701 2098 1,
728 2051 773 2098 1,·
801 2051 845 2098 2,
867 2051 908 2089 1.
928 2050 995 2089 41.
1049 2045 1135 2089 ‘Ob
1165 2046 1331 2100 ingenii
1360 2045 1544 2100 gloriam
1574 2051 1763 2089 statuam
1791 2046 1951 2087 meruit

214 2118 393 2160 Romae'
427 2116 714 2171 Hieronymus
744 2115 794 2158 de
822 2116 903 2158 vir.
935 2115 997 2157 ill.
1019 2117 1085 2156 13.
1135 2113 1315 2167 Quando
1344 2114 1632 2164 mortuussz't,
1664 2111 1914 2168 iynoraturj

131 2197 214 2240 190
244 2204 288 2239 Τ.
311 2195 802 2239 FLAVIVS'IVLIANIVS
828 2200 1218 2246 QVADRATIANVS
1245 2193 1475 2248 (Iulianius
1496 2187 1726 2244 Iracundus,
1757 2193 1951 2236 Iulianus

216 2265 407 2320 exempla
449 2265 647 2319 sequiora
690 2267 730 2306 et
774 2264 1008 2318 derivata),
1064 2264 1133 2304 vir
1188 2261 1474 2317 clarissimus,-
1526 2269 1701 2318 praetor
1742 2261 1949 2317 urbanus,

216 2334 536 2392 quindecimvir
566 2334 699 2375 sacris
730 2332 946 2375 faciundis
985 2331 1053 2374 VI
1070 2335 1190 2373 314⁰.

133 2415 210 2458 191
245 2421 290 2457 L.
322 2403 534 2455 FLAVIVS
565 2419 827 2467 IVLIANVS,
855 2412 906 2454 L.
938 2411 980 2466 f.,
1014 2410 1130 2453 tribu
1161 2410 1308 2463 Quin,
1348 2410 1470 2452 adest
1507 2407 1735 2452 scribendo
1777 2417 1951 2453 senatus

218 2482 412 2525 consulto
443 2483 497 2524 de
528 2481 754 2538 Cyzicenis
785 2481 867 2523 sub
896 2479 1116 2523 Antonino
1148 2479 1225 2521 Pio
1257 2479 1346 2521 III
1370 2479 1416 2522 S.
1440 2482 1561 2521 7060.

143 2576 202 2582 ——
245 2559 298 2594 M.
324 2557 568 2593 AEMILIVS
600 2555 811 2592 FLAVIVS
843 2555 1082 2590 IVLIANVS
1114 2553 1435 2589 LATINIANVS.

144 2645 204 2651 —
245 2627 291 2662 L.
321 2626 540 2662 NAEVIVS
571 2625 784 2661 FLAVIVS
816 2624 1054 2660 IVLIANVS
1086 2623 1380 2659 TERTVLLVS
1411 2606 1697 2667 AQVILINVS.

135 2701 216 2743 192
246 2699 425 2751 Flavius
455 2698 676 2742 Iuvenalis
706 2696 981 2754 (yemz'licium
1011 2700 1072 2740 est
1099 2698 1172 2739 vit.
1206 2697 1318 2754 Sev.)
1349 2696 1592 2753 praefectus
1623 2697 1838 2752 praetorio
1871 2695 1951 2738 sub

219 2761 353 2811 Didio
383 2761 553 2811 Iuliano
590 2774 633 2809 et
662 2767 741 2810 sub
775 2767 936 2810 Severo
966 2767 1038 2808 vit.
1067 2766 1208 2809 Sever.
1240 2769 1279 2816 6,
1309 2766 1381 2807 vit.
1412 2765 1506 2808 Get.
1527 2769 1572 2808 2.
1592 2769 1642 2816 4;
1682 2764 1805 2807 VIII
1825 2767 1950 2807 2755.

217 2836 286 2891 Cf.
316 2836 566 2891 Hirschfeld
604 2836 735 2879 Verw.
769 2850 819 2890 p.
842 2838 928 2879 230
958 2849 1000 2877 rt.
1021 2838 1089 2878 57.
1118 2859 1177 2865 —
1214 2834 1334 2876 Idem
1361 2837 1470 2889 puto
1510 2833 1692 2876 Flavius
1732 2832 1954 2875 Iuvenalis

221 2906 414 2948 centurio
446 2906 492 2946 in
520 2904 690 2961 legione
721 2906 849 2946 tertia
880 2904 1076 2958 Augusta
1105 2918 1216 2946 anno
1243 2904 1323 2946 162
1353 2902 1466 2957 Eph.
1495 2917 1556 2957 ep.
1578 2905 1616 2957 5,
1648 2905 1773 2945 1276.

139 2985 221 3029 193
251 2991 296 3028 Τ.
327 2985 579 3040 FL(Avlvs)
614 2990 714 3026 LAR
731 3016 742 3027 .
759 3016 770 3027 .
789 3016 827 3028 ..
848 3017 859 3039 ,
902 2983 1158 3041 συγκλητικός
1198 2986 1225 3027 t.
1258 2982 1472 3038 Pho-wius
1510 2981 1635 3025 CIG.
1663 2984 1809 3024 3858’ῃ
1838 2978 1954 3032 (add.

219 3053 298 3096 vol.
321 3053 410 3096 III
423 3067 471 3107 p.
492 3055 636 3110 1093).

137 3135 221 3178 194
249 3134 300 3176 Τ.
317 3133 495 3175 Flavius
516 3133 774 3175 Latinianus
791 3131 1036 3189 praefectus
1057 3131 1241 3187 vigilum
1263 3133 1291 3173 t.
1313 3130 1609 3185 Iquunensv‘s
1628 3129 1826 3171 Bov‘ssieu
1846 3142 1894 3182 p.
1914 3129 1955 3168 3.

139 3215 221 3258 195
251 3213 430 3256 Flavius
450 3213 660 3255 Leontius
688 3212 876 3267 (Leomt-
900 3212 1030 3267 lapis)
1062 3213 1131 3253 vir
1160 3211 1512 3268 perfectissimus,
1546 3210 1637 3251 dux
1665 3223 1743 3265 per
1761 3208 1956 3250 Africam

223 3286 252 3327 t.
282 3281 637 3324 Lambaesitanus
666 3280 780 3336 Epa.
805 3295 869 3336 ep.
893 3284 934 3332 5,
956 3282 1054 3324 752.
1106 3279 1312 3322 Fortasse
1342 3279 1489 3334 quarti
1508 3279 1656 3333 potius
1685 3291 1811 3331 quam
1842 3275 1958 3318 tertii

220 3365 268 3407 p.
297 3349 402 3393 Chr.
434 3348 607 3392 saeculi.
