2190 3724
258 290 530 326 HELVIDIVS
1121 284 1205 327 130
1790 293 2063 330 IIELVIDIVS

265 2066 320 2108 38

350 437 506 464 causae
534 422 706 464 mixtus·
726 420 853 464 Italia
881 420 1058 477 pellitur
1093 421 1132 464 T
1129 436 1190 464 ae.
1224 436 1262 466 α.
1295 425 1360 472 16,
1381 425 1452 466 28.
1473 426 1539 465 33.
1559 426 1624 477 35,
1656 423 1750 467 hist.
1780 428 1819 474 4,
1844 429 1881 466 6.
1936 424 2066 480 Apol·
2140 458 2148 465 .

346 490 505 532 Ioniam
535 489 697 531 secedit
726 489 853 533 seliol.
875 490 966 534 Iuv.
1000 490 1025 532 l.
1050 504 1083 532 e.
1136 490 1395 532 Restituitur
1415 506 1441 532 a
1461 491 1603 535 Galba
1632 492 1690 534 iel.
1732 492 2066 534 Accusationem

346 559 468 614 Eprii
504 557 699 600 Marcelli
741 557 1013 613 adgreditur,
1055 558 1130 600 sed
1170 573 1273 600 mox
1314 560 1469 601 omittit
1514 560 1612 604 Tac.
1642 560 1681 604 h.
1711 564 1750 610 4,
1783 564 1821 603 6.
1889 561 2070 603 Praetor

349 627 599 682 designatus
629 642 666 669 a.
690 627 744 669 69
771 627 810 668 Τ
806 640 868 670 ao.
890 626 930 668 h.
951 630 994 676 2,
1018 630 1094 678 91,·
1123 631 1162 677 4,
1182 631 1221 669 4.
1273 626 1458 670 Galbam
1479 627 1773 684 sepeliendum
1804 635 1928 671 curat
1948 628 2068 674 Plut.

345 696 471 739 Gall».
502 698 582 746 28,
614 695 761 737 silente
796 695 954 739 Tacito.
1011 694 1197 738 Liberae
1237 697 1426 738 actiones
1457 697 1501 738 in
1532 703 1683 739 senatu
1719 697 1816 739 Tae.
1848 697 1887 739 h.
1919 702 1962 748 2,
1993 701 2071 749 91,-

347 768 386 814 4,
414 767 452 806 4.
475 767 514 806 9.
536 767 613 814 10,·
644 763 734 806 Dio
763 766 826 814 65,
860 766 909 814 7,·
943 770 1044 806 ‘non
1083 763 1209 806 aliter
1249 779 1378 820 quam
1411 764 1548 807 libero
1589 766 1772 807 civitatis
1810 771 1924 808 statu
1965 767 2066 820 cgit'

346 831 471 874 schol.
502 832 594 874 Iuv.
629 832 653 876 l.
687 846 720 874 e.
778 830 1029 874 Altercatur
1070 833 1113 874 in
1151 839 1303 875 senatu
1344 848 1442 875 cum
1482 833 1616 889 Eprio
1656 833 1862 875 Marcello
1899 834 1995 876 Tae.
2029 834 2070 876 h.

345 904 383 951 4,
406 903 506 943 6-8.
528 904 593 942 43.
626 900 730 942 dial.
750 903 789 943 5.
841 901 1023 943 Praetor
1051 916 1089 943 a.
1110 901 1163 944 70
1185 916 1327 943 aream
1352 900 1554 958 Capitolii
1584 900 1739 944 lustrat
1764 902 1804 945 T
1800 916 1862 944 ae.
1884 902 1923 946 h.
1945 905 1982 952 4,
2004 905 2069 947 53.

345 969 397 1010 In
428 969 746 1025 Vespasianum
776 968 996 1011 invehitur
1027 969 1142 1014 Suet.
1177 969 1294 1024 Vesp.
1326 973 1400 1021 15,·
1429 969 1519 1012 Dio
1548 973 1610 1021 66,
1635 973 1716 1022 12;
1757 978 1857 1027 ‘quo
1898 971 2071 1014 nominc

347 1051 446 1078 reus
477 1052 528 1079 ac
558 1036 731 1093 praeter
759 1052 878 1093 spem
908 1037 1130 1080 absolutus
1162 1038 1312 1093 est'(‘?)
1342 1037 1469 1082 schol.
1500 1038 1592 1083 Iuv.
1627 1039 1653 1081 l.
1687 1053 1720 1084 e.
1779 1039 1935 1082 Postea
1965 1037 2072 1081 rele-

348 1111 473 1160 gatus
505 1105 623 1150 Plin.
656 1121 717 1160 ep.
752 1109 789 1157 7,
820 1109 886 1156 19,
914 1110 941 1148 4
950 1119 963 1158 ,·
994 1106 1111 1150 Suet.
1144 1106 1261 1161 Vesp.
1292 1109 1357 1151 15.
1417 1106 1676 1149 Interfectus
1706 1108 1843 1150 invito
1874 1108 1966 1164 ipso
1997 1109 2072 1150 im-

347 1180 545 1231 peratore
567 1174 683 1218 Suet.
707 1174 732 1218 l.
756 1188 788 1218 e.
840 1175 910 1216 De
939 1176 1030 1218 vita
1061 1176 1150 1217 cius
1180 1174 1315 1217 libros
1346 1176 1586 1232 composuit
1614 1176 1862 1218 Herennius
1893 1176 2073 1219 Senecio

349 1250 503 1297 rogatu
534 1243 727 1285 Fanniae
757 1243 906 1286 uxoris
938 1243 1060 1286 Plin.
1093 1258 1153 1298 ep.
1188 1247 1224 1294 7,
1259 1246 1325 1294 19,
1357 1247 1406 1294 3,·
1452 1243 1548 1286 Tac.
1576 1243 1683 1299 Ayr.
1713 1248 1766 1296 2,·
1795 1243 1883 1304 Dio
1911 1247 1977 1295 67,
2008 1248 2073 1287 13.

349 1310 522 1353 Laudes
551 1312 644 1353 eius
666 1311 801 1354 edidit
818 1312 970 1354 Iunius
990 1313 1194 1355 Rusticus
1213 1312 1327 1355 Suet.
1345 1311 1471 1356 Dom.
1483 1316 1550 1357 10.
1590 1313 1660 1354 De
1679 1306 1872 1354 moribus
1903 1312 2073 1355 studiis—

348 1395 432 1436 que
464 1381 555 1422 eius
582 1380 678 1424 Tae.
700 1380 741 1422 h.
763 1384 802 1431 4,
823 1383 868 1432 5,·
898 1381 952 1434 ef.
975 1380 1094 1425 Plin.
1118 1395 1179 1435 ep.
1201 1384 1240 1431 4,
1262 1384 1333 1432 21,
1355 1385 1393 1424 4.
1435 1381 1701 1423 Memoratur
1730 1381 1918 1425 Juvenal.
1938 1384 1978 1431 5,
1999 1383 2076 1432 36,·

351 1448 493 1492 Mare.
525 1448 731 1491 Antonin.
762 1453 800 1499 1,
830 1452 894 1493 14.
928 1474 981 1480 —
1012 1448 1172 1492 Filium
1202 1449 1333 1491 habet
1361 1449 1635 1503 Helvidium,
1677 1450 1800 1491 cuius
1838 1456 1975 1491 matre
2005 1448 2075 1491 de-

349 1517 500 1559 functa
529 1516 598 1558 vel
630 1516 808 1559 dimissa
838 1531 1020 1560 uxorem
1051 1517 1180 1561 duxit
1208 1518 1421 1560 Fanniam
1451 1518 1500 1560 P.
1532 1517 1675 1560 Clodii
1706 1517 1925 1559 Thraseae
1954 1517 2075 1559 Paeti

346 1585 496 1640 filiam,
529 1585 670 1627 adhuc
701 1587 972 1642 quaestorius
1008 1586 1105 1628 Tae.
1138 1585 1177 1628 h.
1208 1590 1248 1635 4,
1279 1589 1317 1636 5,
1349 1601 1460 1642 quae
1491 1586 1556 1628 bis
1587 1587 1789 1628 maritum
1820 1587 1863 1628 in
1895 1585 2074 1628 exilium

351 1655 562 1708 comitata,
591 1660 806 1710 superstes
834 1655 872 1696 ei
899 1654 982 1697 fuit
1012 1655 1083 1709 (ef.
1103 1655 1179 1697 sub
1202 1654 1409 1710 Fannia).
1460 1654 1528 1697 De
1550 1655 1700 1709 priore
1727 1669 1857 1697 uxore
1877 1654 1932 1708 ef.
1953 1655 2075 1707 infra

349 1724 425 1765 sub
472 1723 521 1765 P.
563 1722 768 1764 Helvidio
814 1723 978 1765 Prisco.
1052 1722 1121 1765 Ab
1170 1723 1247 1765 hoe
1293 1723 1534 1765 descendere
1576 1722 1739 1765 videtur
1784 1723 1835 1766 L.
1882 1721 2075 1764 Valerius

350 1791 573 1834 Helvidius
612 1791 787 1833 Priscus
826 1791 1067 1842 Poblieola,
1107 1792 1205 1834 item
1242 1795 1290 1834 ut
1329 1792 1504 1834 coniecit
1534 1791 1771 1834 Mommsen
1801 1789 1904 1844 (ind.
1937 1788 2075 1844 Plin.)

350 1861 401 1902 L.
428 1859 622 1902 Valerius
644 1860 854 1902 Messalla
882 1859 1075 1903 Thrasea
1095 1860 1283 1905 Priscus,
1328 1860 1520 1903 Helvidii
1542 1859 1687 1902 Prisci
1712 1860 1844 1901 vitam
1873 1873 2077 1902 enarrare

350 1943 484 1983 nuper
518 1928 729 1971 inchoavit
765 1928 985 1971 Carmelus
1021 1928 1224 1971 Mancini
1262 1930 1345 1971 atti
1382 1928 1476 1971 dell'
1508 1943 1593 1973 aee.
1627 1928 1806 1971 archeol.
1839 1927 1884 1970 di
1914 1925 2078 1982 Napoli

350 1997 428 2041 vol.
458 2000 511 2038 11
542 1997 729 2052 (1882s3)
760 1998 794 2039 Ι
806 2012 855 2052 p.
876 2000 1061 2048 59-152,
1092 1997 1170 2040 vol.
1192 2001 1251 2041 12
1280 1998 1463 2053 (188416)
1494 1997 1556 2040 II
1570 2012 1616 2051 p.
1639 1999 1793 2039 1-156.

351 2072 623 2107 IIELVIDIVS
655 2066 895 2119 (PRISCVS)
926 2065 1040 2108 filius
1080 2066 1170 2108 cius
1201 2067 1275 2122 qui
1315 2065 1548 2122 praecedit.
1606 2065 1842 2120 Coynomen
1870 2077 2076 2117 nusquam

350 2135 541 2189 ponitur.
601 2134 836 2189 Privignus
865 2135 1059 2176 Fanniae
1085 2134 1204 2177 Plin.
1227 2149 1289 2189 ep.
1312 2138 1350 2185 9,
1372 2138 1438 2185 13,
1459 2138 1498 2185 3,
1531 2141 1658 2176 natus
1689 2141 1789 2176 ante
1819 2147 1981 2175 annum
2007 2132 2074 2186 56,

355 2217 439 2257 quo
480 2209 604 2259 pater
643 2203 729 2244 iam
769 2202 955 2245 duxerat
994 2204 1206 2245 Fanniam
1238 2204 1308 2258 (ef.
1341 2203 1416 2246 sub
1440 2205 1600 2260 patre).
1662 2192 2077 2256 Consul'(suffectus

354 2287 392 2313 a.
423 2271 525 2326 inc.)
550 2271 669 2313 Plin.
695 2286 755 2326 ep.
778 2275 816 2322 9,
839 2275 904 2322 13,
926 2275 958 2315 2
988 2272 1185 2327 (fortasse
1214 2271 1282 2314 hie
1313 2272 1488 2314 Priscus
1519 2271 1669 2313 consul
1700 2271 1902 2313 suffectus
1932 2283 2078 2310 mense

355 2339 472 2396 Sept.
494 2355 532 2382 a.
554 2340 607 2382 87
630 2343 711 2382 act.
732 2340 851 2390 Ara,
872 2340 983 2394 quael
1001 2341 1176 2383 eonieeil
1197 2340 1464 2390 Mommsen).
1499 2340 1636 2382 ‘Metu
1658 2346 1900 2396 temporum
1920 2351 2078 2380 nomen

267 2420 270 2424 ’
355 2409 506 2463 ingens
544 2423 756 2464 paresque
794 2409 976 2451 virtutes
1016 2423 1185 2451 secessu
1228 2408 1414 2464 tegebat‘
1448 2408 1570 2451 Plin.
1603 2423 1665 2462 ep.
1697 2411 1735 2458 9,
1756 2410 1822 2458 13,
1846 2411 1899 2458 2,·
1928 2405 2079 2448 nihilo-

273 3094 328 3136 39

354 2478 496 2518 minus
519 2476 698 2518 offendit
719 2477 1030 2532 Domitianum,
1066 2477 1198 2534 ‘quod
1219 2478 1343 2533 quasi
1371 2477 1566 2519 scaenico
1599 2476 1754 2518 exodio
1785 2475 1865 2518 sub
1895 2488 2080 2531 persona

356 2545 527 2587 Paridis
545 2551 586 2587 et
599 2545 798 2588 Oenones
816 2545 1051 2588 divortium
1071 2547 1163 2587 eius
1186 2561 1281 2588 cum
1304 2560 1440 2587 uxore
1461 2551 1699 2587 tractasset'
1721 2544 1836 2588 Suet.
1858 2542 1983 2586 Dom.
2001 2545 2079 2593 10;

353 2620 577 2655 accusatus
609 2627 709 2668 ergo
742 2615 785 2655 in
817 2621 967 2656 senatu
998 2621 1039 2656 ct
1070 2615 1221 2670 capitis
1252 2614 1496 2666 damnatus,
1529 2613 1666 2655 verba
1694 2612 1879 2655 faciente
1909 2611 2077 2667 potissi-

356 2697 473 2724 mum
504 2682 699 2724 Publicio
733 2682 860 2725 Certo
892 2683 1011 2725 Plin.
1043 2697 1104 2737 ep.
1136 2686 1175 2733 9,
1198 2686 1263 2733 13,
1285 2686 1316 2726 2
1334 2697 1415 2736 seq.
1448 2683 1502 2736 ef.
1523 2685 1562 2732 3,
1585 2685 1649 2732 11,
1670 2684 1698 2723 3
1707 2695 1720 2732 ;
1756 2681 1852 2723 Tae.
1874 2679 1982 2734 ΑΨ.
2003 2681 2080 2731 45;

357 2750 472 2793 Suet.
495 2749 620 2792 ΗΘΜ.
643 2754 708 2800 10,
743 2750 886 2806 paullo
917 2757 1014 2806 post
1043 2756 1224 2793 mortem
1253 2749 1484 2804 Agricolae
1515 2749 1588 2803 (23
1607 2748 1722 2803 Aug.
1745 2749 1817 2802 93)
1854 2747 1951 2792 Tae.
1984 2747 2011 2790 l.
2041 2762 2075 2792 Θ.

358 2820 481 2862 Uxor
511 2818 670 2861 Anteia
705 2820 742 2860 ei
778 2826 993 2875 superstes
1025 2819 1143 2861 Plin.
1176 2833 1237 2873 ep.
1270 2822 1308 2869 9,
1330 2822 1394 2869 13,
1416 2822 1455 2863 4.
1514 2817 1696 2860 Liberos
1732 2816 1906 2872 reliquit
1938 2814 2076 2858 virilis

359 2902 488 2929 sexus
510 2901 654 2940 unum,
677 2886 857 2928 feminas
878 2887 984 2928 duas
1001 2887 1120 2930 Plin.
1144 2902 1205 2941 ep.
1228 2891 1266 2937 4,
1289 2890 1359 2936 21,
1381 2890 1419 2928 4.
1461 2885 1615 2928 Occiso
1638 2885 1886 2927 Domitiano
1908 2882 2076 2926 Plinius

358 2955 564 2997 ultionem
596 2954 790 2996 Helvidii
827 2956 872 2996 in
911 2962 1063 2997 senatu
1100 2956 1306 3010 suscepit,
1348 2955 1645 3010 actionemque
1686 2960 1787 2995 tunc
1818 2952 2008 2995 habitam
2036 2957 2079 2993 et

358 3022 525 3066 libellos
557 3023 748 3065 eiusdem
778 3025 1020 3078 argumenti
1049 3023 1184 3066 edidit
1213 3023 1333 3065 Plin.
1355 3037 1416 3076 ep.
1437 3026 1476 3073 4,
1498 3025 1567 3072 21,
1588 3025 1638 3073 3,·
1666 3025 1703 3072 7,
1727 3024 1793 3072 30,
1815 3025 1866 3071 4,‘
1893 3023 1931 3071 9,
1953 3022 2019 3062 13.

359 3093 408 3136 O.
426 3091 654 3134 Helvidius
673 3092 860 3146 Priscus,
885 3092 932 3134 C.
951 3092 992 3146 f.,
1015 3092 1133 3134 tribu
1148 3092 1352 3134 Arniensi
1375 3094 1402 3135 t.
1421 3091 1518 3145 ayri
1537 3090 1808 3133 Praenestini
1825 3089 1905 3133 XI
1909 3088 2076 3132 V2844.

359 3160 563 3202 Fortasse
602 3160 823 3202 Helvidius
860 3160 1035 3203 Priscus
1071 3163 1250 3214 praetor
1288 3173 1399 3202 anno
1441 3163 1510 3210 70,
1552 3173 1654 3201 nam
1693 3159 1821 3201 etiam
1859 3157 1927 3199 hic
1964 3155 2079 3198 tribu

360 3228 566 3270 Arniensi
593 3228 724 3281 fuisse
744 3228 966 3282 putandus
996 3231 1067 3278 est,
1101 3227 1303 3270 oriundus
1332 3227 1562 3281 municipio
1591 3225 1767 3276 Cluuiis,
1797 3225 1915 3267 euius
1943 3223 2078 3266 muni-

361 3296 465 3349 cipii
491 3296 733 3350 municipes,
763 3299 810 3337 ut
842 3297 969 3337 etiam
994 3296 1176 3338 aliorum
1196 3295 1375 3337 eiusdem
1401 3295 1585 3349 reffl'onis
1605 3294 1676 3349 (ef.
1700 3292 1960 3335 Kubitsehel*
1978 3292 2077 3345 imp.

361 3364 484 3407 Rom.
516 3364 613 3407 trib.
647 3364 775 3406 deser.
799 3379 846 3418 p.
867 3364 983 3418 270),
1014 3363 1264 3407 Arniensem
1294 3363 1450 3406 tribum
1479 3362 1674 3406 habuisse
1703 3361 1897 3406 videntur
1935 3360 1990 3414 ef.
2023 3358 2082 3401 acl
