2190 3724
267 313 447 359 FVRIVS
1130 306 1213 357 102
1853 311 2070 355 vauvs

353 451 625 508 Augusto[r].
657 455 685 495 t.
706 455 733 494 4
761 449 904 504 (etiam
935 453 962 494 t.
984 453 1016 493 2
1038 450 1209 504 positus
1238 453 1299 492 est
1329 450 1395 492 M.
1423 449 1602 492 Aurelio
1633 453 1672 492 et
1702 449 1807 492 Vero
1835 449 2071 505 Auqustiff.

352 520 513 563 Consul
541 520 790 574 designatus
819 522 847 563 t.
869 522 901 562 2
921 519 1096 574 (Marco
1127 521 1166 560 et
1194 518 1299 560 Vero
1318 518 1407 560 iam
1425 518 1661 575 Auqustis),
1695 518 1846 560 consul
1877 521 1904 563 t.
1925 521 1964 562 1.
1985 521 2024 560 3.
2045 520 2073 560 5

352 589 441 643 (sed
457 589 613 630 mirum
632 588 679 629 in
700 587 835 629 titulis
853 590 892 631 3.
913 590 940 629 5
960 587 1241 630 Saturninum
1261 586 1348 629 diei
1367 586 1451 641 leg.
1467 586 1594 641 Aug„
1616 601 1702 629 non
1721 586 1802 641 leg.
1825 586 2073 641 Augg.).—

353 657 634 700 Saturninum
671 658 946 697 memoratum
985 670 1012 697 a
1050 655 1244 698 Lueiano
1282 655 1486 709 quomodo
1525 655 1620 698 hist.
1663 669 1819 699 eonser.
1857 655 1914 697 sit
1950 668 1984 697 e.
2015 657 2072 698 21

349 726 460 767 inter
499 725 622 767 duces
662 724 761 766 belli
790 723 998 783 Parthici
1015 724 1067 766 L.
1101 723 1206 766 Vero
1234 724 1488 779 imperatore
1522 724 1632 778 qesti
1664 723 1837 765 eundem
1865 737 1950 766 esse
1977 737 2072 766 eon-

348 794 447 835 ieeit
480 793 609 847 Napp
645 792 694 834 de
732 793 859 834 rebus
896 792 1151 846 imperatore
1191 791 1256 835 M.
1287 792 1466 835 Aurelio
1505 792 1552 834 in
1590 792 1759 835 Oriente
1795 793 1924 846 qestis
1954 792 2070 848 (diSS.

349 861 489 903 Bonn.
521 860 645 915 1879)
667 875 716 915 p.
741 863 805 903 73.

264 929 347 972 408
378 935 558 971 FVRIVS
590 935 978 983 SCRIBONIANVS,
1009 929 1123 971 filius
1155 929 1223 983 (L.
1256 928 1475 983 Arruntii)
1505 927 1677 971 Camilli
1708 927 1993 983 Scriboniani,
2027 929 2071 969 in

352 997 530 1040 exilium
551 1003 673 1039 actus
694 1013 731 1039 a.
754 999 821 1053 52,
853 1012 935 1040 nec
954 997 1089 1040 multo
1111 1003 1209 1054 post
1232 1004 1427 1040 mortuus
1455 998 1669 1040 incertum
1699 996 1786 1039 fato
1818 1011 1874 1038 an
1905 1010 2071 1038 veneno

354 1067 451 1111 Tae.
484 1081 524 1108 a.
555 1070 625 1116 12,
652 1069 723 1110 52.

263 1135 347 1177 409
377 1135 538 1177 Furius
558 1135 822 1189 Victorinus,
845 1134 1088 1190 praefectus
1109 1135 1325 1191 praetorio
1347 1134 1426 1177 sub
1442 1133 1591 1176 Marco
1614 1138 1657 1175 et
1674 1133 1823 1188 Lucio,
1855 1133 2068 1175 ‘amissus'

348 1203 449 1246 belli
479 1203 787 1246 Marcomanici
826 1204 947 1245 initio
980 1203 1036 1258 (a.
1070 1204 1169 1257 167)
1198 1204 1270 1245 vit.
1304 1203 1452 1245 Marei
1471 1206 1535 1245 14.
1591 1201 1796 1244 Fortasse
1826 1201 2074 1256 praefectus

347 1273 488 1326 faetus
517 1273 563 1314 in
593 1272 728 1315 loeum
763 1272 898 1315 Tattii
927 1272 1138 1323 Maximi,
1172 1271 1330 1326 eolleqa
1356 1271 1545 1314 Cornelii
1572 1270 1822 1326 Repentini,
1842 1270 1910 1324 ef.
1939 1283 2073 1324 supra

347 1341 423 1382 sub
454 1340 617 1383 Fabius
647 1341 926 1397 Repentinus

264 1409 348 1451 410
378 1409 515 1451 Furia
545 1408 733 1451 Caecilia
761 1409 813 1454 L.
844 1409 896 1465 f.,
938 1415 1076 1451 mater
1114 1409 1236 1451 Furii
1278 1408 1506 1451 Octaviani
1547 1407 1736 1450 consulis
1776 1413 1819 1449 et
1858 1406 2073 1464 pontificis

350 1476 419 1520 VI
440 1480 563 1521 1423.
625 1477 749 1520 Servi
777 1478 866 1520 eius
894 1480 1182 1520 memorantur
1210 1478 1256 1519 in
1286 1480 1313 1519 t.
1347 1476 1535 1519 Moesico
1564 1476 1654 1518 III
1676 1476 1723 1520 S.
1745 1479 1870 1520 8240.

262 1544 344 1586 411
377 1544 515 1587 Furia
530 1546 679 1588 Prima
694 1547 940 1588 accusatrix
955 1545 1098 1588 Flavii
1114 1545 1326 1602 Archippi
1343 1545 1586 1587 Prusiensis
1597 1544 1712 1589 Plin.
1728 1544 1787 1586 ad
1800 1544 1917 1587 Trai.
1927 1546 1994 1587 59.
2006 1547 2072 1586 60.

261 1613 345 1656 412
375 1619 530 1656 FVRIA
571 1620 773 1656 SABINIA
819 1620 1197 1665 TRANQVILLINA
1236 1619 1351 1656 AVG.
1426 1613 1532 1656 Tria
1569 1613 1744 1655 nomina
1782 1613 1842 1655 sie
1881 1612 2073 1655 exhibent

349 1682 464 1725 tituli
475 1682 669 1738 plerique
689 1682 848 1725 Italiae
868 1682 1097 1738 (V11095.
1121 1686 1242 1725 1096.
1273 1682 1355 1724 IX
1371 1684 1492 1726 1458.
1522 1681 1571 1724 Χ
1587 1685 1686 1726 209.
1706 1684 1827 1724 5965.
1857 1681 1938 1724 ΧΙ
1949 1683 2071 1724 1178.

346 1750 458 1805 Eph.
491 1766 551 1805 ep.
583 1755 620 1802 7,
652 1753 780 1808 1211)
812 1754 851 1793 et
880 1751 1138 1805 Hispaniae,
1180 1751 1278 1792 item
1313 1751 1475 1792 nummi
1509 1750 1680 1792 urbium
1707 1749 1973 1793 Graecarum
2002 1764 2071 1804 ap.

346 1819 507 1862 Eekhel
539 1823 567 1862 7
594 1834 641 1874 p.
671 1822 752 1862 318
790 1820 879 1874 (sed
915 1819 962 1861 hi
998 1819 1209 1861 interdum
1248 1820 1337 1876 Φρ.,
1373 1820 1485 1876 Φρο.,
1516 1819 1638 1876 Φρου.
1672 1832 1756 1872 pro
1787 1819 1933 1876 Φουρ.;
1973 1819 2072 1860 item

348 1888 524 1945 Φρουρία
555 1891 582 1932 t.
614 1888 883 1943 Epidaurius
911 1887 1023 1943 Eph.
1057 1887 1267 1932 areliaeol.
1293 1890 1402 1930 1883
1423 1902 1470 1942 p.
1492 1890 1547 1929 30
1576 1901 1618 1929 n.
1638 1886 1708 1941 11)
1739 1886 1919 1929 Sabinia
1938 1886 2073 1929 Furia

346 1955 624 2012 Tranquil[l].
659 1956 746 1999 VII
773 1959 876 2007 344;
914 1956 1082 1998 Furiae
1119 1970 1268 1998 nomen
1307 1956 1502 1998 omittunt
1538 1956 1699 1998 nummi
1727 1955 1935 2006 Romani,
1972 1955 2070 1997 item

346 2024 462 2066 tituli
489 2024 716 2078 Africani,·
756 2025 918 2067 Sabina
944 2039 1029 2078 pro
1060 2024 1240 2067 Sabinia
1268 2024 1349 2066 XI
1370 2027 1490 2075 1178,
1521 2024 1621 2066 item
1649 2024 1812 2066 nummi
1840 2023 2072 2078 complures

348 2092 517 2143 Graeci,
551 2107 619 2148 ap.
641 2093 801 2135 Eelchel
831 2092 856 2134 l.
890 2106 923 2136 e.
956 2093 1185 2152 (Σαβινιανή
1207 2096 1233 2134 t.
1256 2092 1676 2147 Philippopolitanus
1703 2091 1817 2134 areli.
1839 2106 1899 2146 ep.
1922 2091 2068 2136 Mittli.

348 2175 426 2203 aus
449 2161 630 2204 Oesterr.
647 2165 715 2212 10,
738 2164 847 2203 1886
858 2176 905 2216 p.
922 2161 1037 2215 206),
1060 2160 1363 2217 Tranquillina
1385 2161 1547 2204 Sabina
1567 2161 1635 2203 VI
1648 2164 1748 2212 130;
1768 2160 2071 2217 Tranquillina

345 2229 526 2283 Eutrop.
548 2233 586 2280 9,
609 2233 640 2273 2
670 2229 839 2285 (reliqui
869 2230 1094 2284 seriptores
1122 2243 1272 2272 nomen
1302 2244 1387 2272 non
1415 2229 1612 2284 ponunt).

433 2297 605 2340 Coniux
641 2298 699 2340 M.
742 2297 920 2340 Antonii
962 2298 1173 2341 Gordiani
1214 2298 1328 2353 Aug.
1365 2298 1593 2352 (Gordiani
1624 2298 1709 2352 III)
1747 2298 1872 2340 tituli.
1933 2298 2068 2340 Tran-

347 2365 572 2421 quillinam
609 2366 857 2410 Gordianus
888 2366 1119 2408 admodum
1163 2381 1272 2422 puer
1310 2381 1494 2408 uxorem
1534 2366 1678 2421 duxit,
1719 2367 1974 2423 priusquam
2014 2366 2070 2409 ad

346 2433 508 2476 bellum
534 2435 757 2476 Persicum
786 2435 1132 2490 proficisceretur
1151 2435 1333 2489 Eutrop.
1355 2438 1394 2486 9,
1416 2438 1459 2485 2,
1481 2438 1524 2486 2,
1556 2434 1759 2489 Misithei,
1792 2449 1922 2491 quem
1948 2449 2068 2491 prae-

345 2501 507 2544 fectum
527 2502 641 2557 fecit,
663 2501 794 2544 filiam
813 2503 885 2544 vit.
910 2502 1042 2545 Gord.
1062 2506 1131 2554 23,
1154 2503 1360 2554 similiter,
1392 2503 1466 2545 sed
1475 2517 1561 2557 pro
1585 2503 1787 2545 Misitheo
1813 2503 2070 2546 Timesielem

345 2570 409 2612 vel
429 2571 694 2613 Timesoelem
715 2571 987 2625 appellanteS,
1010 2571 1204 2613 Zosimus
1223 2574 1262 2622 1,
1283 2574 1341 2613 17
1360 2574 1399 2613 et
1422 2571 1620 2614 Zonaras
1639 2574 1708 2622 12,
1731 2574 1797 2622 18,
1829 2572 1902 2626 qui
1932 2584 2070 2614 omnes
2136 2597 2138 2601 .

345 2652 494 2680 nomen
514 2639 661 2680 uxoris
680 2652 764 2681 non
783 2642 965 2693 ponunt,
998 2639 1071 2681 sed
1087 2639 1197 2681 hane
1217 2640 1306 2682 sine
1336 2639 1464 2681 dubio
1492 2640 1748 2695 siqnifieant,
1779 2654 1904 2693 quam
1933 2639 2070 2695 filiam

345 2705 391 2748 O.
414 2706 550 2748 Furii
569 2706 744 2749 Sabinii
760 2706 945 2761 Aquilae
972 2707 1207 2750 Timisitliei
1234 2708 1367 2761 fuisse
1394 2722 1544 2750 nomen
1574 2708 1663 2750 eius
1692 2708 1871 2750 ostendit
1899 2709 1971 2764 (ef.
1991 2708 2068 2750 sub

348 2774 507 2829 patre).
576 2774 764 2828 Nuptias
805 2789 877 2818 eas
913 2776 990 2818 sub
1030 2790 1142 2818 anno
1170 2779 1255 2819 241
1293 2779 1451 2818 narrat
1486 2776 1558 2818 vit.
1597 2776 1731 2819 Gord.
1765 2780 1846 2828 23;
1880 2777 2070 2831 nupsisse

354 2843 695 2896 Tranquillinam
723 2843 945 2886 Gordiano
976 2858 1086 2887 anno
1117 2845 1207 2886 eius
1226 2847 1390 2898 quarto,
1420 2844 1468 2886 id
1496 2847 1556 2886 est
1583 2848 1680 2887 ante
1701 2845 1738 2887 d.
1760 2847 1820 2888 29
1837 2844 1950 2899 Auq.
1970 2846 2067 2895 241,

347 2911 509 2952 nummi
534 2911 822 2953 Alexandrini
851 2913 1082 2963 ostendunt,
1114 2913 1169 2967 ef.
1202 2912 1341 2955 Sallet
1367 2912 1512 2955 Daten
1542 2912 1616 2954 der
1644 2912 1863 2955 alexandr.
1891 2913 2070 2956 Kaiser-

347 2983 522 3021 mu'neen
534 2994 582 3033 p.
594 2982 661 3022 59.
691 2979 766 3021 Ad
782 2983 880 3022 vota
898 2980 1051 3023 harum
1065 2982 1311 3036 nuptiarum
1326 2994 1457 3023 eausa
1474 2984 1666 3036 suscepta
1676 2982 1893 3036 pertinere
1906 2982 2070 3025 videtur

346 3047 630 3101 fraqmentum
654 3051 841 3090 aetorum
861 3049 1087 3092 Arvalium
1114 3050 1220 3092 leetu
1240 3049 1416 3104 difficile
1443 3049 1556 3091 CIL.
1590 3049 1780 3093 V12114
1801 3050 1872 3104 (ef.
1897 3050 2069 3093 Henzen

350 3118 431 3157 aet.
460 3115 567 3157 Arv.
587 3130 637 3169 p.
667 3115 703 3158 O
709 3116 867 3159 CXXI
873 3117 936 3174 V)
996 3117 1064 3160 De
1091 3118 1258 3172 reliqua
1286 3117 1376 3159 vita
1405 3117 1494 3160 eius
1521 3117 1632 3160 nihil
1661 3121 1926 3172 compertum.

276 3208 334 3213 -—
377 3189 602 3225 ANTONIA
633 3191 901 3227 FVRNILLA.

277 3276 335 3282 —
378 3257 572 3293 MARCIA
602 3258 871 3297 FVRNILLA.

265 3321 349 3363 413
378 3320 579 3374 Furnius,
612 3319 781 3362 adulter
811 3321 1019 3363 Claudiae
1050 3321 1274 3376 Pulchrae,
1307 3321 1538 3364 damnatur
1567 3337 1604 3364 a.
1627 3323 1682 3365 26
1708 3322 1807 3366 Tae.
1830 3337 1869 3365 a.
1887 3326 1927 3374 4,
1947 3325 2018 3367 52.

263 3388 348 3430 414
378 3394 419 3429 C.
442 3394 658 3431 FVRNIVS
680 3389 879 3431 tribunus
906 3389 1042 3445 plebis
1073 3405 1111 3432 a.
1133 3405 1174 3432 u.
1196 3405 1232 3432 c.
1256 3390 1339 3432 704
1366 3389 1452 3432 Cic.
1485 3390 1544 3432 ad
1560 3390 1652 3433 Att.
1672 3393 1711 3441 5,
1733 3394 1776 3441 2,
1799 3394 1849 3443 1;
1877 3393 1916 3442 5,
1937 3393 2003 3442 18,
2024 3393 2064 3442 3,
