2202 3724
153 276 319 325 IVLIVS
1007 271 1102 320 ,163
1790 281 1960 318 lvmvs

238 413 498 464 petraverat,
530 406 712 451 Claudio
734 408 779 451 in
799 414 951 452 senatu
970 409 1132 464 gratias
1160 409 1251 465 agit
1268 409 1326 452 ib.
1369 409 1422 452 In
1451 423 1634 465 regnum
1664 425 1792 453 suum
1820 425 1963 453 rever-

238 476 344 518 titur
363 475 567 531 Iosephus
586 479 753 527 ant.19,
766 479 804 527 6,
816 480 855 519 1.
870 502 928 508 —
948 476 1145 525 Βασιλεῦς
1166 477 1290 535 μέγας
1311 476 1529 536 Ἀγρίππας
1550 482 1784 536 φιλοκαῖσαρ
1803 479 1966 522 nummi

237 543 559 588 Cae-sorensium
589 558 682 587 cum
710 545 846 600 ipsius
871 546 1067 601 imayine,
1100 560 1169 601 ap.
1192 546 1386 589 Madden
1406 561 1456 602 p.
1478 550 1558 589 133
1577 546 1640 599 (in
1664 547 1765 590 aliis
1783 548 1964 590 nummis

236 626 386 655 nomen
415 615 578 655 tantum
608 613 697 656 eius
727 613 880 669 leyitur
910 615 1104 672 βασιλέως
1126 613 1294 672 Ἀγρίπα
1314 615 1377 658 vel
1398 617 1548 674 βασιλε.
1573 614 1759 673 Ἀγρίπ.),
1784 615 1965 674 βασιλεὺς

239 681 363 738 μέγας
385 679 602 739 Ἀγρίππας
628 685 861 740 φιλοκαῖσαρ
893 683 1059 741 εὐσεβὴς
1088 685 1153 726 καὶ
1183 687 1452 741 φιλορωμαῖος
1477 685 1523 726 in
1553 684 1675 727 titulo
1700 684 1785 739 filii
1804 684 1963 727 Lebas-

238 749 523 805 Waddinqton
537 753 649 794 2365
669 749 906 808 (Ἀγρίππας
927 753 948 795 ὁ
970 752 1094 809 μέγας
1113 752 1242 794 etiam
1260 752 1427 807 Ioseph.
1450 756 1538 795 ant.
1559 755 1626 803 18,
1646 755 1687 804 5,
1708 756 1747 804 4,
1768 752 1965 796 similiter

236 819 309 861 vit.
331 818 391 874 9).
447 818 761 876 Hierosolymis
800 835 935 862 novos
974 835 1120 863 muros
1159 820 1444 877 circumdare·
1469 822 1611 878 coepit
1639 821 1845 876 Iosephus
1875 824 1963 863 ant.

238 890 305 938 19,
330 890 366 939 7,
388 890 432 938 2,
465 887 560 930 bell.
581 890 624 938 2,
646 891 711 939 11,
734 891 760 930 6
769 901 782 939 ,·
811 890 850 938 5,
874 892 914 939 4,
935 892 979 932 2.
1033 887 1238 945 Quinque
1259 902 1383 944 reges
1412 889 1559 946 populi
1590 890 1774 932 Romani
1803 891 1965 932 amicos

239 955 354 1012 apud
377 970 424 998 se
445 956 607 1012 excipit
628 959 716 998 ant.
729 959 796 1007 19,
810 959 852 1007 8,
869 959 907 999 1.
939 955 1207 999 Christianos
1226 958 1502 1014 persequitur
1516 961 1597 1000 act.
1616 961 1748 1012 apost.
1763 961 1962 1012 12,1seq.

234 1022 478 1081 Repentino
507 1024 660 1066 morbo
690 1030 913 1080 correptus
940 1024 1033 1067 obit
1053 1023 1291 1068 Caesareae
1311 1025 1514 1080 Iosephus
1534 1030 1621 1068 ant.
1643 1030 1709 1077 19,
1730 1029 1771 1078 8,
1792 1030 1836 1078 2,
1870 1025 1963 1069 bell.

235 1095 368 1144 2,11,
390 1095 416 1135 6
444 1093 499 1147 cf.
528 1095 607 1135 act.
631 1095 765 1147 apost.
786 1095 932 1143 12,19
951 1106 1046 1146 seq„
1078 1108 1117 1136 a.
1139 1094 1196 1136 44
1226 1093 1431 1148 Iosephus
1461 1094 1488 1136 l.
1518 1108 1551 1139 c.
1611 1095 1758 1138 Uxor:
1790 1094 1964 1152 Cyprus

237 1159 435 1203 Phasaeli
449 1159 550 1215 filia,
573 1160 762 1203 Herodis
778 1161 928 1216 Magni
948 1162 1113 1218 neptis3
1136 1176 1192 1204 ex
1214 1177 1264 1204 ea
1283 1161 1361 1204 filii
1376 1162 1574 1219 Agrippa
1590 1163 1645 1218 (is
1659 1164 1732 1217 qui
1744 1164 1961 1219 sequitur),

235 1229 421 1284 Drusus,
444 1229 655 1272 Berenice
677 1229 730 1283 (v.
753 1228 867 1271 Iulia
885 1229 1127 1285 Berenice),
1158 1230 1425 1285 Mariamme,
1457 1231 1654 1274 Drusilla
1683 1231 1849 1287 Ioseph.
1877 1235 1964 1275 ant.

234 1300 442 1350 18,5,,4
471 1301 670 1352 19,9,1
699 1297 1008 1349 bell.„2116.

148 1366 204 1410 89
233 1366 294 1409 Μ.
315 1365 453 1410 Iulius
473 1365 670 1423 Agrippa
699 1366 793 1421 (ΙΙ).
842 1366 1020 1409 Nummi
1039 1381 1108 1422 ap.
1134 1366 1328 1409 Madden
1355 1366 1484 1410 Coins
1513 1367 1565 1421 of
1589 1367 1655 1410 the
1675 1367 1792 1410 Jews
1822 1368 1964 1423 (1881)

235 1450 284 1490 Ρ.
305 1438 386 1478 144
404 1448 486 1489 seq.
545 1434 615 1489 Cf.
646 1434 833 1478 Schurer
870 1434 1019 1479 Gesch.
1052 1435 1123 1478 des
1153 1435 1250 1490 jud.
1282 1434 1407 1478 Volhs
1436 1436 1471 1478 I
1474 1436 1491 1460 2
1521 1450 1562 1489 Ρ.
1583 1439 1666 1478 490
1686 1449 1768 1490 seq.
1829 1436 1963 1479 Prae-

231 1518 381 1547 nomen
419 1507 480 1547 est
513 1504 560 1547 in
598 1517 766 1546 nummo
806 1518 876 1558 ap.
909 1503 1105 1547 Madden
1125 1519 1174 1559 p.
1195 1507 1276 1546 146
1304 1518 1347 1547 n.
1379 1507 1419 1555 5,
1450 1505 1550 1547 item
1579 1505 1626 1547 in
1656 1504 1778 1547 titulo
1805 1505 1964 1547 Lebas-

233 1572 520 1628 Waddinyton
538 1574 656 1616 2552
676 1571 765 1628 (sed
792 1573 830 1614 is
859 1572 1044 1626 fortasse
1060 1572 1252 1627 pertinet
1282 1572 1340 1615 ad
1359 1575 1563 1630 patrem).
1612 1572 1750 1615 Filius
1775 1574 1867 1615 eius
1888 1574 1962 1630 qui

232 1640 463 1698 praecedit,
486 1646 614 1683 natus
634 1655 672 1685 a.
693 1655 736 1697 p.
754 1639 855 1683 Chr.
874 1641 941 1696 28,
965 1640 1363 1698 quippe-decimum
1383 1642 1613 1698 septimum
1633 1655 1795 1684 annum
1815 1655 1961 1697 agens,

233 1724 331 1752 cum
362 1715 487 1766 pater
505 1715 700 1752 mortuus
722 1715 787 1751 est
810 1723 848 1751 a.
872 1710 929 1753 44
949 1709 1155 1764 Iosephus
1176 1713 1264 1752 ant.
1285 1713 1352 1761 19,
1376 1713 1415 1761 9,
1435 1714 1486 1762 1;
1517 1725 1565 1752 eo
1587 1717 1780 1767 tempore
1800 1710 1963 1753 Romae

234 1778 419 1834 degebat
440 1778 497 1821 ib.
518 1781 563 1822 2.
595 1778 781 1834 Propter
800 1783 985 1820 aetatem
1006 1777 1267 1820 imbecillam
1288 1777 1497 1821 Claudius
1518 1792 1703 1833 regnum
1732 1786 1962 1835 paternum

232 1848 270 1890 ei
301 1862 388 1889 non
419 1847 632 1889 concessit
659 1847 717 1889 ib.
774 1846 859 1888 Pro
887 1845 1062 1889 Iudaeis
1093 1846 1210 1903 apud
1238 1846 1471 1890 Claudium
1500 1847 1731 1890 intercedit
1759 1846 1962 1902 Iosephus

231 1919 318 1959 ant.
342 1918 407 1966 15,
429 1918 468 1967 6,
491 1919 542 1967 4;
569 1918 641 1966 20,
663 1918 702 1966 1,
723 1917 778 1966 2,·
796 1917 868 1966 20,
892 1918 929 1966 6,
951 1918 990 1957 3.
1041 1914 1219 1958 Herode
1241 1914 1461 1959 Chalcidis
1482 1930 1585 1971 rege
1606 1915 1809 1958 defuncto
1831 1931 1869 1960 a.
1891 1915 1958 1970 48,

231 1985 359 2028 huius
390 1996 572 2039 regnum
603 1984 642 2026 ei
673 1982 884 2026 Claudius
914 1982 1067 2026 tribuit
1095 1987 1182 2026 ant.
1214 1987 1286 2035 20,
1307 1986 1347 2035 5,
1367 1987 1411 2035 2,
1446 1983 1539 2027 bell.
1569 1987 1613 2035 2,
1635 1987 1705 2036 12,
1727 1988 1753 2027 1
1784 1985 1961 2040 (factum

229 2052 277 2095 id
306 2065 391 2095 esse
417 2066 503 2095 non
533 2066 573 2095 a.
593 2054 660 2103 48,
690 2051 765 2094 sed
792 2066 832 2094 a.
853 2055 907 2095 49
926 2051 991 2094 vel
1009 2054 1064 2095 50
1088 2051 1254 2094 videtur
1275 2052 1420 2108 colligi
1437 2066 1566 2107 posse
1587 2067 1637 2095 ex
1656 2056 1743 2095 ant.
1766 2056 1836 2104 20,
1861 2056 1897 2103 7,
1918 2056 1958 2103 1,

230 2121 322 2165 bell.
345 2125 389 2172 2,
411 2124 476 2172 14,
498 2123 555 2178 4),
587 2126 751 2163 mutato
772 2119 951 2163 consilio
972 2135 1010 2163 a.
1033 2121 1088 2164 53
1120 2120 1307 2163 eundem
1327 2121 1576 2176 regionibus
1600 2136 1708 2178 quas
1729 2120 1959 2177 Philippus

230 2196 274 2232 et
301 2190 515 2247 Lysanias
555 2188 797 2232 tetrarchae
825 2195 1032 2231 rexerant
1060 2189 1270 2246 praefecit
1300 2193 1387 2234 ant.
1407 2193 1480 2240 20,
1504 2193 1541 2240 7,
1563 2193 1602 2240 1,
1636 2189 1729 2232 bell.
1750 2193 1794 2240 2,
1815 2193 1885 2239 12,
1908 2191 1959 2240 8,·

229 2259 345 2302 Nero
375 2258 535 2302 adiecit
565 2257 775 2315 quasdam
806 2257 1028 2302 Galilaeae
1059 2264 1102 2300 et
1131 2259 1322 2301 Peraeae
1352 2264 1496 2315 partes
1528 2262 1615 2301 ant.
1636 2262 1708 2309 20,
1729 2260 1770 2309 8,
1790 2261 1831 2308 4,
1864 2257 1956 2300 bell.

226 2331 271 2378 2,
293 2331 359 2378 13,
379 2331 424 2371 2.
486 2326 708 2370 Nescimus
736 2340 812 2369 cur
851 2340 986 2370 annos
1023 2327 1146 2382 reyni
1183 2327 1394 2370 interdum
1431 2327 1717 2370 numeraverit
1756 2327 1810 2369 ab
1842 2341 1882 2368 a.
1905 2329 1958 2368 61

230 2397 369 2452 (testes
397 2395 522 2438 huius
550 2395 858 2438 numerationis
884 2398 982 2438 sunt
1009 2395 1172 2438 nummi
1201 2409 1293 2438 cum
1323 2396 1460 2450 capite
1489 2395 1733 2438 Domitiani
1761 2395 1961 2449 inscripti

228 2465 330 2520 imp.
363 2463 463 2508 Cae.
496 2463 537 2508 d.
569 2464 700 2520 Vesp.
736 2463 764 2505 f.
795 2463 926 2506 Dom.
955 2462 1040 2507 Au.
1072 2463 1174 2508 Ger.
1208 2463 1491 2519 [similiterve]
1527 2478 1612 2507 cos.
1643 2464 1734 2506 XII
1773 2463 1834 2520 [a.
1865 2462 1954 2518 86],

226 2533 318 2576 cusi
346 2534 410 2576 ἐπὶ
441 2534 528 2590 βασ.
560 2531 683 2590 Ἀγρί.
716 2533 771 2575 ἐτ.
802 2530 907 2587 κε’),
939 2532 1033 2575 alia
1062 2533 1330 2587 computatio,
1361 2546 1467 2587 quae
1498 2533 1633 2587 coepit
1662 2533 1716 2579 ab
1749 2546 1789 2574 a.
1809 2535 1863 2575 56
1893 2532 1957 2587 (ut

227 2601 392 2656 colleyit
422 2600 661 2644 Mommsen
691 2601 861 2645 Wiener
898 2614 1011 2644 num.
1043 2600 1247 2644 Zeitschr.
1277 2604 1316 2652 3,
1355 2603 1470 2644 1872
1498 2616 1547 2656 p.
1577 2603 1658 2644 451
1698 2615 1748 2643 ex
1785 2614 1954 2643 nummo

147 2720 151 2723 .
227 2669 338 2717 ἔτους
368 2668 421 2713 αι’
450 2675 520 2714 τοῦ
548 2671 613 2713 καὶ
643 2668 679 2718 ς’
699 2682 796 2712 cuso
824 2669 902 2712 sub
933 2669 1118 2725 Nerone)
1141 2673 1283 2724 potest
1300 2670 1517 2724 pertinere
1542 2669 1600 2712 ad
1627 2669 1748 2711 illam
1768 2667 1955 2711 Neronis

226 2738 505 2782 donationem.
567 2738 656 2782 Ἐπὶ
696 2738 890 2797 βασιλέως
920 2740 1096 2795 μεγάλου
1130 2737 1328 2796 Ἀγρίππα
1361 2739 1643 2796 φιλοκαίσαρος
1672 2738 1859 2795 εὐσεβοῦς
1888 2738 1953 2779 καὶ

223 2809 518 2865 φιλορωμαίου,
557 2812 627 2851 τοῦ
667 2809 712 2851 ἐκ
752 2807 946 2865 βασιλέως
985 2809 1160 2864 μεγάλου
1203 2806 1400 2864 Ἀγρίππα
1444 2809 1723 2865 φιλοκαίσαρος
1767 2806 1953 2862 εὐσεβοῦς

223 2878 289 2919 καὶ
315 2877 586 2933 φιλορωμαίου
618 2879 646 2918 t.
668 2879 817 2919 evetans
835 2876 882 2918 in
901 2875 1144 2927 Batanaea,
1176 2876 1342 2919 Lebas-
1355 2875 1641 2931 Waddinyton
1660 2877 1772 2919 2365
1781 2888 1794 2925 ;
1824 2874 1951 2916 etiam

223 2945 269 2986 in
307 2944 408 2987 aliis
448 2945 585 2988 titulis
612 2944 867 2987 Batanaeae
906 2948 946 2987 et
983 2944 1282 2995 Auranitidis,
1323 2944 1791 2998 Lebas-Waddinyton
1820 2945 1948 2986 2112.

223 3015 347 3056 2135.
387 3016 516 3056 2211.
555 3016 684 3057 2329.
725 3012 871 3057 2413ὓ.
911 3015 1047 3064 2552,
1086 3013 1240 3056 mentio
1268 3014 1319 3068 fit
1345 3014 1458 3068 reyis
1485 3013 1707 3068 Agrippae
1736 3010 1949 3069 (βασιλέως

223 3082 399 3138 μεγάλου
426 3080 623 3139 Ἀγρίππα
641 3084 765 3133 2135,
797 3083 1077 3139 φιλοκαίσαρος
1100 3083 1166 3125 καὶ
1186 3083 1458 3139 φιλορωμαίου
1487 3084 1616 3125 2329.
1644 3083 1729 3124 255
1738 3081 1790 3134 2),
1822 3079 1948 3120 huius

223 3149 371 3204 potius
407 3163 536 3204 quam
570 3151 738 3205 patris,
779 3151 933 3206 quippe
969 3151 1044 3205 qui
1082 3150 1202 3205 lonye
1235 3150 1394 3193 diutius
1426 3150 1689 3204 reynaverit,
1739 3150 1847 3190 certe
1888 3146 1946 3188 ad

221 3217 331 3260 hunc
350 3218 538 3272 pertinet
567 3222 595 3262 t.
616 3218 901 3262 Auraniticus
930 3218 1045 3262 arch.
1077 3233 1140 3273 ep.
1162 3218 1309 3261 Mitth.
1342 3232 1421 3261 aus
1448 3218 1628 3261 Oesterr.
1650 3220 1678 3258 8
1700 3231 1747 3270 Ρ.
1770 3218 1862 3265 189,
1885 3218 1947 3257 27

221 3284 353 3340 (ἔτους
381 3284 441 3334 λζ’
462 3291 531 3330 τοῦ
558 3289 624 3330 καὶ
642 3286 706 3345 λβ’
730 3288 924 3345 βασιλέως
949 3286 1177 3345 Ἀγρίππα).
1200 3312 1255 3317 -
1274 3286 1532 3329 Caesaream
1553 3284 1743 3341 Philippi
1763 3283 1942 3325 Neroni-

219 3353 345 3396 adem
373 3354 565 3410 appellat
582 3356 668 3399 Ios.
691 3359 778 3399 ant.
799 3360 871 3406 20,
894 3359 934 3407 9,
955 3359 995 3398 4.
1046 3355 1246 3398 Exeunte
1276 3370 1314 3398 a.
1336 3356 1392 3398 54
1422 3354 1594 3398 iubetur
1615 3355 1760 3409 copias
1787 3366 1940 3408 parare

1596 3420 1665 3458 11*
