2202 3724
169 276 415 311 MAMILIVS
1028 269 1111 312 327
1735 275 1977 311 MANILIVS

196 407 251 449 95
282 405 498 448 Mamilius
543 406 710 463 Nepos,
755 405 1020 448 declamator
1065 406 1227 449 Seneca
1271 409 1402 450 contr.
1439 409 1478 456 7,
1513 409 1552 456 6,
1583 409 1654 449 24.
1684 430 1743 436 —
1771 405 1978 449 Eiusdem

251 475 434 517 nominis
476 475 593 517 miles
637 474 819 517 cohortis
863 474 1013 516 tertiae
1047 474 1295 528 praetoriae
1338 488 1377 518 a.
1416 477 1514 524 141,
1561 474 1668 517 liber
1711 474 1974 517 coloniarum

254 542 470 598 (Gromat.
502 542 564 585 ecl.
596 542 770 585 Lachm.
794 557 842 597 Ρ.
864 546 950 586 244
979 543 1033 596 cf.
1056 557 1104 597 Ρ.
1125 541 1246 596 252).

197 611 252 654 96
282 610 502 653 Mamilius
531 611 788 667 ¹Superstes,
821 610 1065 668 praefectus
1094 610 1393 653 vehiculorum
1423 626 1460 654 a.
1483 612 1567 654 214
1597 615 1626 656 t.
1655 612 1847 655 urbanus
1878 612 1978 655 bull.

254 678 472 721 comunalc
501 682 610 721 1884
629 694 678 733 Ρ.
699 682 728 721 8
749 693 792 721 n.
815 683 895 722 709
923 699 979 714 =
1009 678 1178 722 Dessau
1207 679 1334 721 inscr.
1367 679 1439 721 sel.
1469 683 1567 724 452.

196 746 250 789 97
280 746 498 789 Mamilius
529 747 653 801 Sura,
685 754 837 789 auctor
863 746 1006 790 Plinio
1037 748 1099 789 rei
1128 748 1315 790 rusticae
1337 747 1453 790 Plin.
1476 747 1515 792 h.
1535 762 1578 791 n.
1600 748 1687 792 ind.
1711 748 1736 790 l.
1757 751 1798 792 8.
1820 752 1887 791 10.
1909 752 1975 791 11.

253 818 396 857 17-19
426 819 465 858 et
494 816 540 858 in
570 817 660 869 ipso
691 819 883 858 contextu
913 816 1051 870 operis
1079 818 1146 866 18,
1167 819 1262 858 143.
1322 815 1459 858 Aetas
1487 817 1662 860 incerta.

182 908 239 912 —
283 885 508 937 FL(AV1A)
539 890 774 926 MAMILIA.

197 951 252 994 98
283 958 327 993 L.
347 958 585 994 MAMMIVS
607 958 787 994 POLLIO
818 952 894 1007 (sie
916 955 943 994 t.
969 952 1219 1003 Fanestris;
1248 952 1477 995 Memmius
1506 952 1643 996 Pollio
1670 953 1799 996 codex
1824 953 1977 1005 Taciti)

254 1019 404 1062 consul
435 1020 687 1075 designatus
717 1036 754 1063 a.
782 1021 852 1074 49,
885 1019 1134 1074 ingentibus
1164 1021 1386 1076 promissis
1417 1020 1619 1063 inductus
1650 1021 1705 1064 ab
1735 1022 1980 1078 Agrippina

251 1094 300 1129 ut
339 1087 393 1130 de
435 1089 708 1131 matrimonio
753 1089 933 1130 Domitii
975 1088 1053 1130 filii
1096 1089 1187 1130 eius
1233 1095 1276 1130 et
1315 1088 1524 1131 Octaviae
1564 1089 1702 1132 verba
1742 1091 1786 1131 in
1827 1097 1980 1133 senatu

252 1155 416 1198 faceret
457 1156 556 1198 Tac.
588 1171 628 1198 a.
659 1159 740 1207 12,
772 1159 811 1199 9.
871 1155 1035 1199 Consul
1075 1171 1175 1199 cum
1216 1156 1270 1209 Q.
1306 1156 1421 1199 Allio
1460 1157 1652 1200 Maximo
1692 1173 1838 1201 mense
1875 1159 1978 1202 Mai.

253 1225 310 1279 (a.
340 1224 414 1279 49)
443 1227 472 1268 t.
502 1224 728 1267 Fanestris
757 1224 843 1267 XI
864 1227 986 1268 6236.

180 1317 237 1322 -
281 1299 324 1334 T.
357 1298 619 1335 CVRTILIVS
650 1298 860 1337 MANCIA.

181 1386 238 1390 —
281 1367 345 1403 TI.
378 1367 598 1402 CLAVDIA
627 1367 908 1403 EVPATORIS
940 1367 1191 1402 MANDANE
1216 1367 1500 1405 ATTICILLA.

179 1454 238 1459 —
279 1437 326 1473 A.
358 1436 635 1471 PLATORIVS
666 1435 826 1471 NEPOS
848 1435 1063 1471 APONIVS
1096 1436 1326 1472 ITALICVS
1358 1437 1671 1474 MANILIANVS
1695 1438 1735 1476 C.
1759 1438 1979 1475 LICINIVS

252 1504 447 1540 POLLIO.

194 1566 250 1609 99
279 1572 524 1608 MANILIVS
555 1573 738 1621 senator,
769 1566 936 1608 delator
965 1566 1045 1609 sub
1077 1566 1303 1610 Caracalla
1342 1567 1528 1624 ideoque
1569 1575 1743 1611 curator
1773 1568 1980 1611 frumenti

251 1635 391 1677 factus
423 1635 510 1693 (τὴν
538 1639 616 1678 τῶν
647 1639 808 1692 τροφῶν
839 1637 1009 1679 διάδοσιν
1041 1636 1227 1692 εἰλήφει),
1259 1651 1296 1681 a.
1319 1637 1402 1680 217
1430 1651 1487 1679 ex
1518 1638 1774 1680 auctoritate
1794 1637 1981 1679 Macrini

251 1704 297 1744 in
328 1703 512 1746 insulam
541 1703 758 1759 relegatus
787 1703 876 1746 Dio
909 1707 974 1755 78,
1002 1707 1074 1747 21.
1105 1708 1180 1747 22.

165 1797 222 1801 -
251 1778 495 1814 MANILIVS
527 1772 701 1816 Solinus
729 1775 796 1823 53,
826 1776 900 1816 29.
960 1772 1006 1815 V.
1036 1786 1170 1827 supra
1198 1773 1258 1816 M.
1291 1773 1457 1816 Lollius
1488 1775 1544 1829 (L
1572 1774 1691 1829 226).

168 1842 249 1883 100
278 1840 495 1895 Manilius,
526 1840 688 1884 Avidio
706 1840 868 1883 -Oassio
900 1840 955 1883 ab
987 1841 1178 1898 epistulis
1199 1842 1368 1884 Latinis
1388 1842 1476 1885 Dio
1498 1845 1566 1893 72,
1592 1846 1628 1885 7.
1674 1842 1875 1885 Eundem
1895 1856 1982 1886 esse

252 1923 346 1951 cum
374 1908 564 1953 Pudente
593 1910 733 1965 (infra
761 1909 806 1952 P
822 1909 917 1965 793)
945 1914 1176 1953 memorato
1207 1925 1234 1952 a
1259 1910 1400 1953 Dione
1422 1914 1486 1962 71,
1507 1915 1567 1955 29
1596 1915 1636 1954 et
1654 1911 1785 1966 pleno
1812 1912 1981 1954 nomine

251 1979 408 2022 dictum
426 1979 558 2033 fuisse
578 1978 813 2021 Manilium
833 1978 1067 2021 Pudentem
1088 1980 1264 2022 coniecit
1282 1979 1533 2034 Hirschfeld
1561 1980 1691 2024 Verw.
1706 1995 1754 2035 Ρ.
1770 1983 1858 2023 206
1876 1994 1919 2022 n.
1937 1983 1980 2023 2.

112 2088 123 2090 ,
168 2049 243 2092 101
278 2048 339 2090 Μ.
369 2047 596 2101 Manilius,
637 2048 712 2103 qui
753 2048 926 2103 scripsit
964 2049 1285 2090 astronomicon
1323 2047 1456 2090 libros
1484 2049 1559 2105 qui
1590 2055 1752 2091 extant.
1815 2049 1981 2091 Nomen

250 2117 419 2159 minime
449 2118 607 2158 certum
644 2115 699 2169 cf.
730 2115 850 2158 Ellis
878 2119 1016 2158 noctes
1047 2116 1326 2159 Manilianae
1355 2116 1515 2171 (Ooeon.
1541 2117 1667 2172 1891)
1689 2132 1737 2172 Ρ.
1760 2121 1848 2160 217
1874 2130 1982 2171 seq.,·

250 2188 367 2228 extat
405 2184 451 2227 id
484 2185 532 2226 in
569 2183 688 2226 nullo
728 2184 966 2238 antiquiore
1006 2185 1169 2236 codice,
1200 2186 1248 2227 in
1275 2186 1556 2228 recentiorum
1586 2186 1741 2240 optimo
1770 2186 1981 2239 reperitur

168 2269 170 2271 ’
251 2253 373 2296 modo
411 2253 471 2295 M.
502 2251 653 2304 Malui,
695 2252 817 2295 modo
845 2252 984 2295 Marci
1014 2252 1174 2308 Mallii,
1216 2253 1338 2296 modo
1377 2254 1515 2296 Marci
1553 2253 1691 2296 Mallii
1721 2268 1845 2310 eqom
1876 2254 1979 2306 (sic),

252 2321 374 2364 modo
402 2321 463 2363 M.
489 2320 627 2363 Mallii
653 2321 815 2375 Boeni3
844 2321 919 2363 secl
946 2322 992 2363 in
1022 2321 1162 2364 codice
1191 2336 1311 2375 quem
1339 2326 1585 2376 reppererat
1602 2322 1789 2377 Poyyius
1816 2321 1983 2364 videtur

252 2391 385 2444 fuisse
416 2389 482 2431 M.
515 2389 698 2431 Manilii
728 2403 900 2439 nomen,
942 2390 996 2443 cf.
1027 2389 1148 2432 Ellis
1179 2390 1205 2434 l.
1237 2404 1270 2432 c.
1292 2405 1340 2444 Ρ.
1361 2393 1459 2434 231.
1521 2391 1706 2447 Scripsit
1744 2391 1982 2447 imperante

253 2459 429 2501 Tiberio
459 2461 498 2508 1,
528 2460 613 2499 800
643 2457 709 2512 (de
734 2471 813 2511 quo
854 2457 942 2500 loco
979 2472 1064 2500 non
1097 2461 1207 2501 recte
1235 2458 1442 2501 iudicavit
1472 2459 1687 2502 Kraemer
1717 2459 1766 2502 cle
1798 2459 1982 2502 Manilii

252 2526 564 2570 Astronomicis
602 2525 773 2581 [Marb.
804 2526 933 2581 1871]
955 2541 1002 2581 Ρ.
1029 2526 1112 2582 33).
1143 2530 1181 2577 4,
1209 2530 1300 2578 764,
1343 2534 1441 2583 post
1470 2543 1508 2572 a.
1539 2543 1581 2584 p.
1614 2527 1716 2571 Chr.
1746 2529 1800 2571 22
1830 2531 1870 2578 5,
1900 2531 1982 2571 513

254 2596 324 2652 (cf.
362 2595 460 2638 Tac.
493 2609 532 2636 a.
563 2597 602 2645 3,
637 2594 723 2642 72).
772 2594 894 2637 Inter
920 2594 1160 2648 familiares
1183 2594 1432 2638 Germanici
1458 2596 1592 2649 fuisse
1620 2596 1855 2639 Manilium
1885 2610 1981 2639 con-

253 2665 352 2707 iecit
378 2663 432 2707 B.
461 2662 615 2705 Freier
645 2662 694 2705 de
722 2662 905 2705 Manilii
933 2664 1244 2706 astronomicon
1273 2666 1411 2706 aetate
1440 2664 1580 2719 (Gon.
1601 2665 1727 2713 1880)
1749 2679 1797 2719 Ρ.
1822 2668 1879 2708 72
1897 2678 1979 2719 seq.

87 2770 89 2772 ,
172 2735 252 2776 102
281 2739 322 2777 Ρ.
353 2737 597 2774 MANILIVS
630 2763 783 2774 ......
813 2731 949 2774 frater
977 2730 1152 2774 Arvalis
1183 2747 1222 2775 a.
1243 2733 1323 2775 241
1359 2736 1440 2775 act.
1471 2732 1578 2775 Arv.

170 2802 252 2844 103
283 2800 331 2844 O.
362 2799 569 2842 Manilius
599 2798 828 2842 Calvinus:
867 2800 956 2842 eius
984 2801 1096 2842 servi
1124 2800 1193 2843 VI
1215 2804 1362 2845 14116.
1423 2800 1630 2844 Fortasse
1660 2801 1782 2843 homo
1811 2800 1981 2843 nobilis.

171 2870 254 2913 104
281 2875 525 2910 MANILIVS
544 2874 705 2910 CARBO
727 2874 902 2924 praetor
921 2867 1115 2910 tutelaris
1136 2868 1216 2911 sub
1238 2869 1350 2911 divis
1371 2869 1581 2912 fratribus
1601 2870 1757 2924 frayni.
1781 2868 1982 2911 Vat.168.

171 2938 253 2981 105
283 2943 526 2979 MANILIVS
568 2943 828 2979 CORNVTVS
874 2938 1140 2993 praetorius,
1180 2937 1348 2992 legatus
1387 2939 1640 2994 provinciae
1679 2938 1980 2995 Aquitanicae,

254 3005 472 3048 lichenum
502 3004 651 3047 morbo
683 3005 860 3048 affectus
891 3005 997 3059 (non
1026 3012 1128 3048 ante
1154 3005 1403 3060 Claudium)
1435 3006 1610 3049 Plinius
1638 3006 1679 3049 h.
1709 3021 1751 3050 n.
1783 3010 1854 3057 26,
1884 3010 1923 3049 4.

172 3075 255 3117 106
285 3080 349 3116 TI.
379 3079 623 3116 MANILIVS
654 3080 842 3116 FVSCVS
878 3073 1102 3128 (Manilius
1142 3074 1310 3116 Fuscus
1353 3078 1433 3117 act.
1464 3089 1573 3119 saec.
1604 3075 1667 3117 II
1689 3078 1727 3125 9,
1772 3073 1982 3117 ..anilius

254 3142 422 3184 Fuscus
442 3142 531 3184 III
542 3145 678 3193 1172;
698 3142 745 3184 in
765 3142 985 3184 consulatu
1004 3142 1072 3184 Ti.
1094 3142 1300 3185 Manilius
1323 3175 1333 3185 .
1350 3176 1361 3186 .
1380 3176 1390 3185 .
1409 3176 1419 3186 .
1451 3142 1520 3186 VI
1531 3146 1640 3186 1984
1660 3157 1696 3185 υ.
1712 3146 1779 3193 40,
1798 3142 1982 3196 plerum-

254 3224 332 3264 que
360 3209 550 3263 Fuscus3
590 3209 831 3252 Fascianus
865 3210 974 3263 fasti
1000 3210 1196 3265 Hydai).
1257 3210 1420 3253 Consul
1452 3211 1547 3253 suff.
1580 3226 1618 3253 a.
1648 3211 1731 3252 inc.
1791 3210 1983 3265 Legatus

255 3277 444 3333 Augusti
472 3293 510 3319 a.
531 3278 610 3320 191
634 3280 662 3319 t.
684 3277 913 3332 Apulensis
933 3278 1022 3321 III
1035 3282 1171 3330 1172;
1200 3278 1367 3321 videtur
1390 3279 1522 3333 fuisse
1545 3278 1707 3333 lcyatus
1726 3277 1980 3329 Daciarum,

255 3361 340 3389 non
369 3346 543 3401 leyionis
561 3346 697 3389 XIII
711 3346 917 3390 Geminae
946 3347 1023 3402 (sic
1048 3347 1176 3390 etiam
1197 3347 1435 3390 Mommsen
1462 3347 1541 3390 vol.
1564 3347 1652 3390 III
1674 3347 1761 3391 ind.
1784 3361 1834 3401 Ρ.
1856 3348 1982 3390 1128.
