2190 3724
110 283 344 319 E'rmmvs
479 262 482 265 ’
1001 274 1052 315 41
1687 277 1928 314 EVNONES

111 414 167 458 74
195 421 248 456 Μ.
280 419 515 455 ETRILIVS
546 417 825 465 LVPERCVS,
858 411 1026 467 legatus
1057 409 1325 467 proconsulis
1356 410 1606 466 provinciae
1638 408 1774 465 Cypri
1805 423 1842 450 a.
1875 409 1929 451 29

195 482 341 525 titulus
368 481 551 536 Cyprius
571 481 710 523 Lebas
720 505 737 511 -
751 480 1036 535 Wadclinytmi
1055 482 1181 523 2773.

112 550 165 595 75
198 558 239 593 O.
263 556 496 592 ETRILIVS
529 556 778 592 REGILLVS
799 555 1048 591 LABERIVS
1071 554 1286 602 PRISCVS,
1319 547 1486 602 legatus
1507 561 1585 604 pro
1607 552 1806 603 praetore
1829 547 1928 603 imp.

196 619 408 661 Antonini
439 619 507 660 Pii
546 618 867 674 provinciarum
899 617 1077 660 Ciliciae
1109 617 1301 659 Isauriae
1330 616 1600 673 Lycaoniae,
1631 615 1792 668 ‘consul
1834 616 1928 657 suff.

196 703 234 730 a.
258 689 340 730 inc.
368 687 482 730 titali
512 687 593 729 duo
620 686 788 741 yemelli
815 687 1074 736 Isaurenses,
1108 685 1207 728 bun.
1237 685 1286 727 de
1316 699 1423 727 corr.
1455 684 1550 727 hell.
1573 687 1682 727 1885
1702 699 1751 738 p.
1772 687 1854 726 433
1874 704 1929 718 =

196 756 362 810 Papers
391 756 443 810 of
465 755 532 798 the
561 755 792 798 American
823 754 1159 809 arehaeoloffl'eal
1187 754 1328 796 school
1357 753 1446 795 III
1462 768 1508 808 p.
1530 753 1665 796 114s5.

112 823 166 866 76
196 823 441 880 ETRI[LIA]
472 831 619 878 AFRA,
652 838 764 866 uxor
783 822 948 866 Valerii
970 823 1126 878 Vegeti
1149 822 1355 877 (consulis
1376 838 1412 864 a.
1434 823 1485 864 91
1500 821 1540 876 Ρ)
1563 822 1710 864 titulus
1728 822 1762 864 I
1764 821 1929 864 liberri-

197 895 322 936 tanas
342 893 403 935 II
414 896 541 936 2077.
601 892 807 935 Fortasse
836 892 933 947 filia
952 892 1108 934 Etrilii
1125 891 1234 945 Afri
1253 892 1314 934 II
1326 894 1446 933 1674.

112 960 165 1003 77
197 961 394 1016 Etrusca,
426 970 565 1004 mater
589 960 760 1003 Claudii
782 961 970 1015 Etrusci,
994 975 1116 1003 soror
1136 959 1325 1002 consulis
1347 960 1515 1003 Statius
1532 960 1624 1002 silv.
1641 964 1680 1010 3,
1697 964 1735 1010 3,
1758 963 1836 1002 111
1847 973 1928 1014 seq.

196 1033 286 1073 207
314 1031 368 1084 cf.
394 1030 621 1072 Martialis
643 1033 680 1080 7,
703 1033 770 1080 40,
791 1032 831 1071 3.

109 1123 166 1128 --
195 1105 461 1140 HERENNIA
493 1104 838 1140 CVPRESSENIA
866 1104 1194 1141 ETRVSOILLA.

109 1192 168 1197 —
195 1174 443 1209 CLAVDIVS
475 1173 746 1209 ETRVSCVS.

108 1260 167 1266 -—
195 1242 249 1277 M.
281 1242 531 1277 VALERIVS
562 1241 831 1278 ETRVSCVS.

109 1329 167 1334 —
193 1303 429 1346 Arruntius
460 1304 700 1346 Euaristus.

108 1398 166 1403 -
196 1379 249 1415 Μ.
281 1379 458 1415 VLPIVS
489 1378 738 1415 EVBIOTVS
769 1378 983 1415 LEVRVS.

109 1465 169 1472 -—
197 1440 404 1484 Aurelius
434 1440 644 1484 Eubulus.

114 1510 166 1553 78
196 1509 418 1553 Eucaerus
449 1509 622 1565 tibicen,
655 1510 830 1560 natione
853 1509 1190 1565 Alexandrinus,
1215 1511 1353 1566 stupri
1376 1525 1476 1552 cum
1497 1509 1683 1553 Octavia
1704 1518 1932 1553 accusatur

201 1579 300 1622 Tae.
323 1593 363 1621 a.
385 1582 450 1630 14,
474 1582 541 1622 60.
1268 1595 1273 1599 ·

113 1647 166 1691 79
198 1647 464 1702 Eudaemon,
507 1648 672 1690 amicus
702 1647 918 1691 Hadriani
949 1654 992 1690 et
1027 1649 1241 1691 ‘conscius
1274 1648 1477 1703 imperii’,
1510 1654 1660 1704 postea
1690 1648 1746 1690 ab
1779 1647 1931 1690 eodem

196 1716 251 1759 ad
282 1723 516 1771 egestatem
545 1716 780 1773 perductus
805 1717 876 1760 vit.
899 1716 1039 1759 Hadr.
1062 1719 1128 1768 15,
1149 1720 1188 1760 3.
1233 1716 1356 1759 Idem
1386 1722 1435 1759 ut
1463 1716 1639 1758 videtur
1669 1723 1932 1759 memoratur

197 1786 311 1828 inter
340 1784 535 1828 homines
565 1800 687 1828 acres
719 1785 901 1844 (δριμεῖς)
935 1785 1099 1828 dudum
1128 1791 1320 1827 mortuos
1351 1800 1377 1827 a
1403 1785 1469 1827 M.
1491 1784 1651 1827 Antan.
1671 1789 1714 1835 8,
1737 1789 1806 1829 25.
1858 1785 1932 1827 Ad

197 1853 370 1896 eundem
401 1854 619 1909 pertinere
658 1855 835 1897 coniecit
872 1854 919 1897 O.
953 1854 1202 1908 Hirschfeld
1233 1853 1320 1908 (ap.
1351 1853 1639 1896 Friedlander
1667 1854 1844 1909 Sitteny.
1877 1855 1911 1896 I
1913 1856 1929 1879 ⁶

197 1937 246 1977 p.
267 1925 366 1979 187)
398 1923 543 1966 titulos
573 1923 676 1965 duos
706 1923 931 1978 acephalos
949 1923 1038 1966 III
1055 1926 1135 1966 431
1164 1926 1203 1965 et
1223 1922 1342 1965 Ball.
1372 1922 1422 1965 de
1451 1936 1560 1965 corr.
1590 1922 1686 1965 hell.
1716 1926 1744 1964 3
1762 1938 1810 1977 p.
1831 1926 1928 1973 257,

189 1994 425 2046 propterea
448 1991 560 2045 qaod
586 1992 633 2034 in
661 1991 738 2034 hoe
769 2006 819 2034 ea·
847 1993 1014 2034 nomine
1043 1992 1244 2034 honorati
1270 1991 1462 2034 relictam
1493 1995 1553 2034 est
1575 2025 1584 2034 .
1603 2025 1612 2034 .
1632 2025 1641 2034 .
1661 2009 1773 2048 ιμονι.
1818 1991 1874 2034 Id
1892 1994 1932 2035 si

170 2062 172 2064 ’
195 2061 260 2102 ita
290 2063 362 2111 est,
388 2061 474 2114 fait
491 2060 744 2103 Eudaemon
774 2067 1032 2118 procurator
1051 2060 1267 2103 Hadriani
1299 2060 1355 2102 ad
1382 2059 1600 2102 dioecesin
1620 2060 1927 2115 Alexandriae,

198 2135 455 2185 procurator
475 2128 837 2172 bibliothecarum
859 2130 1128 2173 Graecarum
1150 2137 1192 2172 et
1211 2130 1479 2184 Latinarum,
1505 2129 1560 2172 ab
1582 2129 1776 2186 epistulis
1799 2130 1931 2172 Grae-

198 2197 280 2251 cis,
320 2204 574 2254 procurator
614 2198 778 2254 Lyciae
817 2198 1101 2255 Pamphyliae
1137 2197 1335 2242 Galatiae
1375 2197 1701 2254 Paphlagoniae
1742 2188 1931 2240 Pisidiae

196 2265 338 2321 Ponti,
370 2273 624 2322 procurator
654 2266 960 2310 hereditatium
991 2273 1033 2310 et
1072 2275 1327 2324 procurator
1358 2268 1610 2323 provinciae
1639 2267 1793 2321 Asiae,
1834 2281 1928 2322 pro-

197 2341 369 2377 curator
400 2334 566 2391 Syriae.

111 2401 167 2444 80
196 2401 430 2458 Eudemus,
462 2404 616 2446 Liviae
636 2404 773 2446 Drusi
795 2403 993 2447 Caesaris
1014 2405 1207 2447 medicus
1230 2411 1273 2447 et
1292 2405 1470 2459 amicus,
1502 2404 1761 2447 insidiarum
1780 2404 1928 2446 Druso

197 2486 236 2514 a.
262 2473 317 2515 23
347 2479 596 2529 paratarum
625 2474 822 2520 conscius
850 2473 948 2516 Tac.
972 2488 1011 2516 a.
1032 2477 1071 2525 4,
1094 2477 1133 2516 3.
1155 2477 1232 2526 11,·
1261 2473 1432 2516 adulter
1451 2474 1607 2516 Liviae
1628 2473 1750 2516 Ptin.
1769 2473 1866 2515 hist.
1887 2487 1927 2515 n.

195 2543 267 2590 29,
288 2544 360 2584 20.

110 2607 162 2650 81
197 2608 441 2662 Eudemus,
481 2610 762 2667 philosophus
793 2612 1102 2667 peripateticus
1134 2610 1324 2654 Galenus
1352 2611 1414 2654 II
1436 2626 1485 2666 p.
1506 2614 1605 2662 218,
1637 2610 1763 2653 XIV
1775 2626 1823 2666 p.
1851 2613 1930 2653 605

198 2677 367 2729 Kuelm,
390 2686 647 2736 praeceptor
669 2679 825 2723 Galeni
846 2680 903 2722 ib.
919 2680 1046 2722 XIV
1055 2695 1101 2734 p.
1119 2684 1215 2731 624,
1238 2681 1402 2722 amicus
1421 2680 1563 2735 Sergii
1581 2679 1705 2722 Pauli
1728 2686 1770 2722 et
1789 2679 1930 2721 Flavii

197 2746 354 2789 Boethi
374 2747 667 2790 consularium
686 2749 744 2791 ib.
765 2748 846 2791 XI
851 2748 892 2791 V
898 2763 948 2803 p.
961 2752 1069 2801 612;
1090 2764 1176 2791 una
1197 2764 1294 2791 cum
1315 2749 1382 2791 his
1403 2750 1582 2792 interest
1602 2747 1930 2791 dissectionibus

199 2829 225 2855 a
245 2813 412 2858 Galeno
435 2816 663 2874 explicatis
684 2817 866 2872 ibJIp.
879 2819 978 2861 218.
1007 2817 1154 2860 Alium
1170 2818 1416 2860 Eudemum
1439 2818 1654 2860 medicum
1676 2824 1723 2859 ut
1743 2816 1929 2869 videtur,

199 2883 527 2940 Pergamenum,
550 2900 696 2928 senem
717 2901 846 2942 quem
865 2887 959 2942 ipse
978 2886 1149 2928 viderat
1168 2893 1378 2929 memorat
1397 2886 1587 2929 Galenus
1602 2886 1650 2929 X
1666 2901 1713 2940 1).
1735 2888 1826 2928 454.
1859 2883 1928 2926 Ab

197 2950 279 2993 hoc
301 2967 428 3008 porro
454 2953 652 2996 diversus
672 2953 893 2996 Eudemus
916 2955 1178 3013 πρεσβύτερος
1202 2955 1394 2997 medicus
1418 2955 1607 2998 Galenus
1628 2955 1762 2997 XIII
1766 2970 1813 3008 p.
1831 2957 1928 2997 291.

113 3018 169 3061 82
199 3019 449 3075 Eugamius,
481 3021 628 3064 rhetor
649 3023 855 3077 Graecus,
880 3029 1137 3079 praeceptor
1158 3023 1339 3066 Maximi
1362 3023 1560 3067 Caesaris
1580 3024 1652 3066 vit.
1667 3023 1792 3066 Mam.
1808 3024 1929 3072 2735.

113 3111 171 3116 ——
199 3087 418 3144 Fl(avius)
448 3090 701 3146 Eugenitor.

112 3180 171 3185 —
200 3155 409 3200 Euhodus
438 3172 476 3201 v.
507 3158 703 3203 Euodus.

112 3249 171 3255 —
199 3223 407 3269 Claudius
437 3226 689 3284 Eumolpus,

112 3317 171 3322 —
202 3299 243 3335 C.
271 3301 446 3338 APPIVS
476 3301 709 3339 EVNOMIV
713 3303 736 3339 S
770 3303 1100 3340 SAPEDIANVS.

115 3361 170 3404 83
201 3361 405 3405 Eunones
446 3378 526 3406 rex
565 3363 824 3417 Aorsorum,
873 3380 900 3407 a
940 3365 1079 3422 Cotye
1115 3379 1218 3421 rege
1258 3367 1442 3423 Bospori
1483 3368 1527 3408 in
1566 3367 1815 3408 societatem
1856 3362 1928 3405 ad-
