2202 3724
256 279 467 315 LARclvs
1115 267 1199 310 264
1803 270 2053 307 LARvas

255 410 310 452 56
339 413 550 449 LAROIVS
595 410 802 447 MACEDO
852 404 1050 457 (Larcius
1096 402 1221 444 codem
1264 400 1519 443 Dresdensis
1559 400 1701 442 Plinii
1738 404 1777 442 et
1815 400 1878 443 ed.
1907 400 2058 452 Rom,

339 476 524 528 Largius
569 473 696 515 ceteri
734 471 870 525 codd.)
911 471 979 512 vir
1017 470 1279 526 praetoriae,
1320 468 1511 511 libertini
1550 468 1687 520 filius,
1727 484 1753 510 a
1791 469 1928 510 servis
1967 469 2056 510 suis

341 544 505 585 occisus
523 541 640 584 Plin.
663 555 724 594 ep.
746 542 785 589 3,
808 542 873 581 14.
891 563 949 568 —
964 538 1055 579 Aut
1075 538 1183 579 idem
1196 540 1280 590 ,aut
1300 538 1338 579 is
1358 538 1431 591 qui
1448 538 1635 591 sequitur
1659 537 1841 579 Larcius
1861 537 2055 592 Macedo,

340 611 462 652 cuius
493 608 669 664 praedia
695 613 986 649 memorantur
1017 606 1085 648 VI
1105 609 1199 648 404.

254 679 307 721 57
338 686 384 719 A.
426 683 636 718 LARCIVS
674 681 882 716 MACEDO
925 674 1122 727 (fortasse
1161 673 1276 727 filius
1314 673 1402 715 eius
1444 673 1518 726 qui
1550 673 1799 727 praecedit).
1866 673 2057 728 Legatus

339 746 451 799 Aug.
484 758 561 800 pro
592 759 655 799 pr.
687 742 884 786 Galatiae
914 757 952 785 a.
976 743 1057 784 122
1084 741 1267 783 miliarii
1284 741 1373 783 III
1389 743 1482 783 310.
1504 743 1595 782 313.
1657 740 1819 783 Consul
1849 741 1944 786 suff.
1976 740 2056 783 sub

340 812 564 854 Hadriano
605 826 702 852 cum
743 811 886 852 nescio
927 825 1010 865 quo
1042 810 1181 852 Verre
1222 812 1319 850 acta
1354 809 1458 851 Arv.
1497 822 1608 851 anno
1638 811 1727 851 122
1766 809 1819 850 ab
1859 808 2057 852 Hemeno

337 882 426 921 sine
465 880 616 921 idonea
646 892 777 920 causa
808 878 969 919 tributa
1002 875 1072 930 (cf.
1106 877 1278 919 Hencen
1317 880 1397 918 act.
1428 876 1533 920 Arv.
1557 891 1605 930 p.
1633 876 1842 918 CLXIII
1862 876 1978 931 not).
2002 903 2053 908 —

339 948 480 990 Plane
509 948 714 989 incertum
742 960 844 988 num
872 946 930 988 ad
953 946 1157 987 Larcium
1185 945 1365 999 aliquem
1387 945 1663 987 Macedonem
1691 948 1855 999 spectet,
1885 948 1934 987 ut
1962 959 2056 987 con-

339 1016 436 1057 iecit
465 1014 650 1065 Henzen,
682 1015 964 1068 fraqmentum
997 1013 1066 1055 VI
1085 1015 1209 1056 3852.

254 1085 307 1126 58
339 1091 390 1127 Μ.
423 1089 634 1125 LARCIVS
666 1088 871 1123 MAGNVS
900 1087 1147 1123 POMPEIVS
1181 1087 1302 1135 SILO,
1335 1080 1485 1123 consul
1516 1080 1610 1123 suff.
1635 1095 1781 1122 mense
1803 1080 1919 1137 Sept.
1941 1096 1980 1123 a.
2001 1082 2056 1123 82

339 1166 437 1193 cum
458 1152 510 1193 T.
530 1150 708 1193 Aurelio
731 1151 888 1203 Quieto
913 1149 1013 1203 dipl.
1035 1149 1121 1193 mil.
1148 1149 1253 1204 (III
1276 1149 1321 1191 S.
1335 1164 1383 1203 p.
1406 1152 1515 1191 1960
1536 1169 1591 1183 =
1610 1148 1722 1203 Eph.
1743 1163 1806 1203 ep.
1827 1153 1854 1191 4
1871 1163 1918 1203 p.
1943 1151 2055 1205 496).

255 1220 309 1262 59
343 1219 556 1274 [L]arcius
589 1218 669 1271 (vel
701 1216 944 1272 [Ci]arcius)
974 1217 1217 1271 Montanus,
1250 1223 1423 1258 curator
1443 1216 1683 1258 cohortium
1702 1216 1883 1271 vigilum
1913 1232 1951 1258 a.
1972 1217 2050 1258 241

342 1287 409 1329 VI
431 1289 555 1330 1092.
615 1285 683 1327 De
711 1299 881 1328 munere
911 1285 1122 1327 curatoris
1151 1285 1206 1338 cf.
1234 1284 1484 1338 Hirschfeld
1513 1284 1642 1326 Verw.
1665 1299 1713 1339 p.
1741 1287 1821 1326 145
1849 1287 1935 1327 not.
1953 1287 1998 1328 2.

254 1356 308 1397 60
338 1363 383 1397 A.
400 1360 613 1396 LARCIVS
630 1360 831 1395 PRISCVS
850 1352 926 1405 (sic
942 1353 1090 1404 titulus
1107 1352 1468 1406 Thamuyadensis
1485 1352 1607 1394 VIII
1615 1352 1661 1396 S.
1674 1355 1810 1395 17891
1823 1372 1877 1387 z
1888 1351 2056 1394 Dessau

339 1424 465 1465 inscr.
488 1424 560 1466 sel.
581 1427 700 1474 1055,
723 1425 902 1466 Larcius
925 1423 1129 1477 Prisc[us]
1151 1422 1364 1464 miliarius
1384 1422 1506 1465 VIII
1517 1426 1656 1466 10324
1671 1423 1725 1476 cf.
1737 1421 1850 1477 th.
1860 1425 1899 1472 5,
1915 1423 2054 1476 1132).

339 1491 441 1533 Auli
473 1491 587 1533 filius
617 1495 644 1534 t.
683 1491 1066 1545 Thamuqaclensis,·
1095 1490 1210 1544 filius
1231 1494 1338 1544 puto
1368 1491 1454 1544 fuit
1478 1490 1535 1532 A.
1556 1491 1708 1532 Larcii
1726 1490 1881 1544 Lepidi
1909 1490 2057 1544 (supra

337 1574 378 1602 n.
400 1559 481 1607 51),
513 1560 649 1613 frater
676 1560 859 1601 Larciae
889 1558 1117 1600 Priscillae
1148 1557 1265 1610 (nam
1294 1559 1404 1612 quod
1431 1559 1478 1600 in
1497 1558 1553 1601 A.
1574 1559 1726 1600 Larcii
1754 1558 1909 1613 Lepidi
1937 1558 2057 1600 titulo

338 1627 566 1681 sepulcrali
578 1641 663 1669 non
677 1630 944 1677 memoratur,
960 1630 1100 1680 potest
1119 1627 1281 1680 factum
1300 1640 1388 1669 esse
1406 1641 1456 1669 ex
1475 1627 1765 1681 qualicumque
1786 1640 1917 1669 causa
1934 1627 2058 1669 nobis

338 1695 515 1749 iuncta).
545 1695 681 1737 Tribu
699 1695 884 1748 Quirina
900 1696 962 1736 lit.
981 1694 1189 1749 Thamuy.
1223 1695 1349 1738 Sevir
1365 1696 1555 1751 equitum
1572 1696 1873 1750 Romanorum,
1891 1694 2056 1737 decem-

342 1763 410 1803 vir
450 1763 639 1805 stlitibus
680 1763 932 1817 iudicandis,
971 1769 1172 1819 quaestor
1205 1764 1454 1819 provinciae
1488 1763 1630 1818 Asiae,
1666 1763 1832 1818 legatus
1870 1763 2058 1817 Augusti

342 1830 521 1884 legionis
544 1837 724 1887 quartae
754 1829 844 1883 (scd
870 1831 950 1884 leg.
974 1830 1085 1885 Aug.
1108 1830 1192 1885 leg.
1214 1830 1295 1885 leg.
1319 1831 1386 1873 III
1407 1831 1535 1888 lapis)
1558 1831 1799 1887 Scythicae,
1831 1831 1940 1887 p[ro]
1973 1830 2057 1885 leg,

343 1898 457 1954 (ped.
479 1898 562 1953 leg.
584 1898 712 1953 lapis)
735 1898 960 1941 consulare
990 1899 1238 1954 provinciae
1266 1899 1430 1954 Syriae,
1462 1899 1661 1941 tribunus
1690 1898 1840 1955 plebis,
1871 1905 2056 1955 praetor,

343 1967 586 2022 praefectus
607 1967 809 2009 frumenti
835 1967 966 2009 dandi
997 1982 1053 2008 ex
1075 1982 1106 2008 s.
1130 1981 1179 2022 c.,
1212 1967 1378 2022 legatus
1409 1968 1658 2023 provinciae
1679 1966 1881 2010 Baeticae
1901 1968 2057 2024 Hispa-

340 2036 450 2089 niae,
474 2035 703 2090 proconsul
719 2037 969 2091 provinciae
987 2034 1154 2078 Galliae
1170 2035 1477 2090 Narbonensis,
1501 2035 1667 2090 legatus
1683 2036 1796 2090 Aug.
1818 2035 1997 2090 legionis
2014 2036 2058 2078 II

340 2103 564 2158 Augustae
585 2104 647 2145 tit.
675 2103 1048 2157 ThamuqadensiS.
1089 2103 1280 2158 Legatus
1301 2104 1414 2159 Aug.
1441 2119 1518 2160 pro
1540 2119 1603 2160 pr.
1627 2105 1841 2146 exercitus
1862 2103 2057 2146 Africani

295 2177 298 2180 ⁴
341 2172 403 2215 tit.
441 2172 822 2226 Thamuqadcnsis‚
863 2170 1029 2226 legatus
1060 2171 1247 2226 Augusti
1287 2187 1365 2228 pro
1405 2188 1470 2229 pr.
1509 2172 1735 2216 miliarias.
1797 2171 1957 2214 Consul
1986 2171 2058 2213 de-

341 2241 533 2293 signatus
579 2240 641 2282 tit.
689 2240 1063 2294 Thamuqadensis.
1141 2240 1384 2296 Septemvir
1433 2240 1667 2297 epulonum
1710 2241 1768 2282 id.
1842 2241 2058 2282 Patronus

342 2307 533 2349 coloniae
563 2308 931 2362 Thamugadensis
961 2308 1018 2351 id.

256 2398 312 2403 —
342 2382 385 2419 L.
418 2382 667 2417 RAGONIVS
698 2383 967 2418 VRINATIVS
997 2383 1209 2418 LARCIVS
1242 2383 1559 2427 QVINTIANVS.

257 2467 313 2471 —-
342 2450 386 2485 L.
418 2450 582 2486 IVLIVS
615 2450 826 2486 LARCIVS
858 2450 1078 2486 SABINVS.

256 2534 313 2539 ——
343 2518 395 2554 M.
426 2518 635 2553 PONTIVS
666 2519 951 2554 LAELIANVS
982 2519 1192 2555 LARCIVS
1224 2520 1448 2556 SABINVS.

257 2604 314 2610 —
345 2586 389 2629 Q.
420 2586 588 2621 VIRIVS
618 2586 832 2622 LARCIVS
864 2587 1129 2624 SVLPICIVS.

260 2648 311 2689 61
345 2647 502 2688 Lareia
532 2680 542 2689 .
561 2679 571 2689 .
613 2662 724 2689 uxor
765 2648 922 2690 Statilii
954 2649 1193 2691 Tritoniani
1235 2650 1335 2703 (sive
1366 2650 1626 2704 Critoniani)
1663 2652 1953 2707 procuratoris
1993 2651 2057 2693 tit.

343 2716 616 2757 Laodicensis
644 2716 790 2766 Asiae,
821 2717 942 2758 Bull.
973 2717 1023 2759 de
1052 2731 1162 2760 corr.
1193 2717 1288 2759 hell.
1320 2721 1432 2760 1887
1450 2734 1497 2773 p.
1518 2722 1615 2763 352.

260 2784 315 2826 62
345 2790 530 2824 LARCIA
551 2790 825 2840 PRISCILLA,
848 2785 937 2827 filia
955 2785 1010 2828 A.
1032 2786 1175 2827 Larcii
1197 2786 1352 2842 Lepidi
1374 2794 1417 2829 et
1437 2787 1664 2830 Caeciniae
1684 2788 1854 2842 Largae
1874 2787 1922 2830 X
1939 2789 2058 2830 6659.

259 2853 314 2894 63
344 2853 496 2893 Larcia
526 2852 705 2909 Sabina,
727 2853 890 2906 tequlae
925 2853 972 2895 Ο.
999 2854 1098 2896 XV
1119 2857 1241 2898 1235.
1272 2859 1394 2899 1236.
1453 2856 1658 2898 Fortasse
1692 2857 1854 2910 femina
1890 2855 2057 2905 nobilis,

347 2920 574 2973 parentela
603 2921 824 2962 coniuncta
854 2935 946 2963 cum
974 2923 1025 2966 L.
1057 2923 1170 2964 Iulio
1200 2924 1359 2966 Larcio
1389 2924 1552 2967 Sabino
1583 2923 1730 2979 (supra
1761 2925 1795 2967 I
1813 2939 1856 2967 n.
1877 2924 1983 2978 252)
2021 2927 2060 2966 et

347 2988 413 3030 M.
444 2986 598 3030 Pontio
627 2989 835 3031 Laeliano
865 2990 1022 3032 Larcio
1054 2991 1229 3033 Sabino.

261 3080 315 3085 —-
344 3056 393 3098 P.
426 3055 576 3097 Livius
607 3056 822 3099 Larensis.

259 3147 316 3152 —
346 3122 615 3177 [C]AECINIA
645 3131 825 3169 LARGA.

260 3192 316 3234 64
345 3191 559 3246 Larginus
581 3193 792 3235 Proculus
824 3194 1031 3251 (Λαργῖνος
1051 3195 1229 3252 Πρόκλος
1249 3196 1380 3250 Xiph.
1406 3197 1525 3248 Zon.‚
1554 3197 1769 3255 Λαργίκνος
1788 3211 1873 3242 exc.
1895 3195 1946 3239 de
1964 3196 2059 3248 ina,

347 3260 517 3317 Λάργιος
543 3274 627 3303 exc.
660 3261 807 3312 Salm„
847 3261 999 3316 Georq.
1032 3263 1167 3313 Mon„
1206 3264 1347 3318 Cedr.)
1383 3280 1480 3307 cum
1521 3266 1565 3307 in
1606 3264 1842 3308 Germania
1879 3272 2059 3308 mortem
2123 3311 2126 3314 Α

347 3327 585 3370 Domitiani
627 3328 798 3384 publice
829 3329 1116 3385 praedixisset
1146 3332 1400 3389 (ἀστρολόγος
1432 3333 1495 3375 Ιο.
1526 3333 1661 3388 Ant),
1697 3334 1877 3377 Romam
1905 3334 2060 3376 missus
