2202 3724
171 283 281 319 MAN
284 283 392 319 LIVS
1035 274 1120 317 329
1764 278 1983 313 MANLIVS

173 414 255 456 116
286 413 335 457 O.
352 413 542 456 Manlius
564 413 702 468 Felix,
726 412 844 456 tribu
859 412 996 466 Quin,
1019 410 1221 454 tribunus
1242 410 1428 453 militum
1447 408 1629 465 legionis
1640 409 1744 464 VI[I
1760 408 1983 464 Claudiae]

257 483 355 538 piae
378 481 542 536 fidelis3
573 481 767 524 adlectus
798 482 844 523 in
874 480 1072 522 decurias
1103 479 1295 522 iudicum
1325 495 1352 521 a
1380 479 1503 532 Titot,
1532 476 1779 534 praefectus
1809 476 1983 519 fabrum

257 551 359 606 imp.
391 551 568 593 Traiani
600 552 777 604 iterum3
818 548 1063 605 praefectus
1103 547 1252 590 classis
1283 547 1557 589 Pannonicae
1597 552 1640 588 et
1675 545 1983 598 Germanicae3

172 612 175 614 ’
258 625 512 674 procurator
531 619 720 674 Augusti
742 618 929 672 regionis
951 616 1232 670 Chersonesit,
1263 621 1519 672 procurator
1539 614 1726 669 Augusti
1751 615 1984 656 vicesimae

255 686 559 730 hereditatium
592 690 620 729 t.
657 686 891 730 Thracieus
919 685 1011 727 III
1032 688 1129 728 926.

175 755 253 798 117
284 755 472 798 Manlius
516 755 737 798 Maltinus.
812 754 979 797 Titulus
1026 754 1315 796 Interamniae
1365 753 1705 796 Praetuttiorum
1753 751 1985 805 descriptus

256 823 336 867 IX
361 827 493 867 5073.-
524 858 533 866 .
553 857 562 866 .
594 822 817 880 [M]anlius
847 822 1056 865 Maltinus
1086 822 1296 879 pr(aetor)
1325 822 1464 864 neseio
1493 835 1595 863 num
1624 820 1980 863 Interamnitium.

258 893 402 935 Potest
437 906 523 935 esse
562 906 613 935 ex
644 892 831 946 posteris
862 891 1028 933 Manlii
1058 890 1242 933 Maltini
1278 904 1399 944 quem
1439 889 1620 943 leyatum
1650 903 1678 930 a
1712 891 1861 931 senatu
1891 902 1984 930 eum

259 961 344 1003 Μ’.
385 961 562 1014 Aquilio
605 961 652 1002 in
695 959 849 1002 Asiam
897 960 1069 1001 missum
1118 962 1157 1001 et
1202 973 1230 1001 a
1275 957 1533 1000 Mithridate
1584 956 1788 1000 devictum
1829 959 1985 999 narrat

264 1029 362 1072 Tac.
391 1029 583 1071 Iustinus
610 1031 678 1079 38,
708 1031 748 1072 3.

175 1099 255 1140 118
284 1104 509 1140 MANLIVS
537 1103 816 1138 PATRVINVS
843 1095 1050 1151 (traditur
1069 1096 1284 1152 patruitus
1304 1095 1367 1137 vel
1387 1096 1668 1151 patrumitus3
1699 1095 1882 1148 fortasse
1903 1107 1980 1148 pro

258 1165 395 1208 Manl-
426 1165 693 1208 scribendum
721 1164 888 1219 Matid-,
920 1167 969 1206 ut
997 1164 1107 1206 idem
1135 1164 1192 1206 sit
1224 1163 1273 1207 C.
1297 1163 1498 1206 Salonius
1518 1162 1726 1205 Matidius
1749 1162 1985 1204 Patruinus

262 1234 493 1276 defunctus
512 1249 551 1276 a.
574 1233 628 1277 '78
651 1236 731 1278 act.
754 1232 891 1284 Arv.),
914 1239 1097 1287 senator,
1121 1247 1234 1274 anno
1257 1232 1311 1274 70
1333 1231 1529 1287 pulsatus
1551 1232 1595 1272 in
1617 1230 1784 1273 colonia
1806 1230 1986 1274 Senensi

257 1301 298 1345 h.
319 1306 359 1354 4,
377 1305 444 1345 45.

178 1371 256 1414 119
286 1371 338 1413 L.
368 1370 557 1412 Manlius
588 1369 799 1424 Severus,
831 1369 883 1411 L.
910 1368 961 1423 f.,
994 1367 1114 1411 tribu
1143 1367 1260 1422 Pal.‚
1302 1382 1382 1410 rex
1413 1382 1657 1423 sacrorum,
1691 1367 1817 1409 fictor
1846 1367 1984 1423 ponti-

257 1440 388 1482 ficum
407 1439 556 1496 populi
578 1439 773 1492 Romani,
797 1438 1074 1494 quattuorvir
1094 1436 1410 1479 Bovillensium
1434 1436 1561 1479 XIV
1571 1439 1693 1480 2413.
1725 1436 1985 1478 Mommseno

259 1508 318 1558 ad
342 1507 458 1551 CIL.
490 1507 558 1550 VI
569 1508 699 1557 2125,
728 1506 805 1548 ubi
843 1505 992 1548 titulus
1029 1505 1157 1548 datur
1195 1506 1306 1547 inter
1339 1506 1539 1556 urbanos,
1573 1504 1771 1547 Manlius
1801 1503 1987 1546 ereditur

257 1577 389 1631 fuisse
407 1590 484 1619 rex
502 1589 722 1619 sacrorum
733 1574 888 1630 populi
907 1574 1097 1617 Romani
1105 1588 1118 1625 ,·
1142 1574 1216 1617 sed
1236 1588 1329 1616 oum
1355 1574 1504 1616 titulus
1522 1576 1712 1628 repertus
1736 1573 1794 1615 sit
1814 1573 1860 1615 in
1881 1585 1985 1626 aqro

255 1645 503 1696 Bovillensi,
532 1644 800 1699 probabilius
831 1646 892 1686 est
921 1657 1013 1685 eum
1042 1643 1175 1697 fuisse
1203 1657 1342 1698 reqem
1369 1656 1590 1685 sacrorum
1619 1641 1813 1684 Bovillis.

178 1716 256 1757 120
285 1720 511 1756 MANLIVS
534 1719 811 1756 STATIANVS
830 1719 1003 1754 senator
1025 1713 1188 1768 primae
1208 1713 1447 1754 sententiae
1467 1727 1505 1755 a.
1523 1712 1606 1754 276
1621 1712 1693 1754 vit.
1711 1711 1847 1753 Probi
1859 1713 1929 1760 12,
1946 1714 1984 1752 1.

175 1784 252 1825 121
288 1781 478 1824 Manlius
510 1782 623 1825 Sura
654 1785 759 1835 (pro
788 1780 925 1823 Manl-
946 1794 1058 1835 pars
1088 1780 1278 1823 codicum
1308 1783 1347 1822 et
1375 1780 1549 1834 vulqata
1578 1779 1722 1833 Mall-)
1759 1794 1984 1822 causarum

259 1857 391 1905 actor,
422 1851 692 1907 vituperatus
723 1865 748 1892 a
777 1850 971 1892 Domitio
1002 1848 1110 1892 Afro
1138 1849 1316 1903 Quintil.
1346 1849 1444 1892 inst.
1467 1852 1505 1899 6,
1526 1852 1566 1899 3,
1586 1851 1653 1891 54.
1684 1851 1749 1899 11,
1770 1851 1810 1899 3,
1832 1852 1929 1892 126.

177 1922 257 1963 122
287 1919 476 1962 Manlius
506 1912 753 1976 Torquatus
784 1917 1059 1974 (qentilieium
1088 1918 1244 1961 habent
1285 1919 1330 1960 in
1359 1918 1633 1972 inscriptione
1663 1917 1866 1960 carminis
1893 1920 1931 1971 4,
1964 1920 1991 1957 7

259 1988 418 2032 codices
447 1988 698 2039 Horatiani,
727 1988 801 2042 qui
830 1988 938 2030 alibi
965 2001 1125 2042 quoque
1153 2001 1297 2029 verum
1325 1989 1619 2038 servaverunt,·
1658 1987 1746 2041 ipse
1775 1984 1987 2028 Horatius

264 2058 469 2111 Torquati
498 2060 664 2099 tantum
691 2071 842 2099 nomen
863 2057 1026 2112 posuit)
1058 2056 1232 2098 Horatii
1263 2057 1443 2110 amicus,
1475 2055 1531 2098 ad
1562 2069 1689 2111 quem
1710 2054 1812 2096 data
1829 2054 1986 2097 Horat.

259 2140 388 2170 carm.
408 2130 448 2176 4,
473 2130 511 2168 7.
543 2140 605 2180 ep.
627 2131 665 2176 1,
686 2127 725 2168 5.
770 2124 938 2168 Nobilis
960 2139 1089 2169 earm.
1111 2128 1151 2175 4,
1176 2129 1213 2175 7,
1234 2128 1304 2176 23,
1335 2124 1548 2166 facundus
1568 2125 1625 2170 ib.
1645 2127 1715 2167 24.
1761 2122 1987 2165 Moschum

259 2195 474 2237 rhetorem
505 2194 823 2249 Pergamenum
853 2193 1052 2236 veneficii
1081 2200 1331 2236 accusatum
1361 2192 1554 2235 defendit
1584 2207 1671 2235 una
1706 2206 1803 2234 cum
1834 2191 1985 2233 Asinio

259 2263 453 2306 Pollione
483 2263 639 2306 Horat.
670 2277 733 2317 ep.
763 2266 802 2313 1,
832 2264 870 2313 5,
904 2265 930 2305 9
970 2276 1062 2304 eum
1100 2265 1204 2304 nota
1243 2261 1565 2316 Porphyrionis.
1633 2260 1746 2304 Olim
1787 2274 1814 2302 a
1843 2260 1989 2302 multis

259 2331 442 2375 creditus
472 2334 532 2374 est
560 2345 688 2386 nepos
717 2332 768 2374 L.
801 2330 968 2373 Manlii
1002 2331 1208 2384 Torquati
1246 2330 1430 2373 consulis
1461 2344 1500 2372 a.
1532 2344 1574 2372 u.
1608 2343 1642 2371 e.
1673 2332 1767 2379 689,
1798 2328 1871 2370 sesl
1899 2328 1988 2369 sine

260 2414 403 2443 eausa.
469 2400 676 2454 Torquati
705 2414 733 2442 a
765 2399 949 2442 Manliis
980 2400 1184 2454 patriciis
1224 2399 1396 2442 oriundi
1431 2399 1588 2440 mirum
1627 2401 1731 2440 esset
1760 2399 1989 2452 praeterea

259 2469 423 2511 nullam
461 2481 674 2522 superesse
712 2469 972 2510 mentionem.
1031 2468 1175 2523 (Quod
1213 2467 1263 2510 cle
1302 2471 1446 2521 torque
1481 2467 1692 2520 Torquato
1733 2481 1760 2508 a
1789 2465 1989 2520 Caliqula

262 2537 460 2592 adempta
487 2539 645 2579 narrat
675 2536 791 2579 Suet.
821 2535 913 2579 Cal.
944 2538 1010 2587 35,
1053 2536 1341 2578 Mommsenus
1379 2535 1543 2578 rettulit
1582 2535 1640 2578 ad
1677 2535 1852 2577 Iunium
1887 2534 1988 2576 Tor-

258 2609 432 2660 quatum
460 2605 514 2659 of.
545 2618 678 2659 supra
706 2604 741 2647 I
761 2606 854 2655 558,
889 2604 1084 2647 nonnulli
1119 2604 1373 2647 rettulerunt
1402 2604 1461 2646 ad
1488 2604 1678 2647 Nonium
1706 2603 1988 2658 Asprenatem

267 2674 556 2730 Torquatum).
600 2672 807 2716 Fortasse
826 2673 992 2715 Manlii
1011 2673 1194 2715 alicuius
1215 2674 1421 2727 Torquati
1437 2674 1591 2716 mentio
1611 2674 1662 2728 fit
1681 2673 1726 2714 in
1749 2675 1777 2714 t.
1801 2671 1990 2714 libertini

261 2742 377 2787 Bull.
408 2756 510 2787 corn.
540 2744 650 2784 1880
671 2756 721 2796 p.
750 2745 808 2785 62
834 2755 876 2784 n.
907 2745 1008 2785 297.
1076 2741 1156 2784 Vix
1195 2756 1246 2785 ex
1279 2742 1493 2785 nobilibus
1533 2741 1719 2784 Manliis
1764 2740 1990 2794 Torquatis

260 2811 309 2856 G.
340 2810 528 2853 Manlius
559 2811 819 2866 Torquatus,
851 2811 970 2852 ouius
1000 2810 1159 2853 aneilla
1187 2811 1234 2853 in
1264 2814 1292 2852 t.
1323 2810 1502 2853 Raetico
1532 2811 1593 2852 II
1614 2812 1737 2853 1452.

179 2880 258 2923 123
288 2885 332 2922 T.
363 2885 587 2921 MANLIVS
617 2885 818 2921 VALENS
859 2877 1067 2933 (Manlius
1099 2878 1259 2921 Valens
1295 2880 1418 2930 Tae,
1458 2880 1574 2926 Γάιος
1604 2878 1763 2925 Οὐάλτς
1792 2877 1904 2928 Di0;
1943 2878 1989 2918 in

261 2947 481 2990 consulatu
510 2947 561 2989 T.
592 2947 782 2989 Manlius
812 2946 985 2990 Valens·
1006 2947 1074 2990 VI
1094 2951 1244 2998 17707,
1275 2948 1386 2990 unde
1416 2948 1646 3002 eorriqitur
1666 2946 1767 2997 Dio,
1800 2946 1856 2999 cf.
1877 2946 1988 2988 Bor-

257 3015 379 3070 yhesi
408 3029 502 3070 off.
523 3019 549 3058 6
570 3029 619 3070 p.
641 3018 735 3066 159,
767 3048 777 3058 .
796 3048 806 3058 .
839 3014 1092 3070 [M]an[lius]
1122 3015 1285 3058 Valens
1316 3019 1342 3058 t.
1366 3017 1464 3070 aqri
1489 3016 1651 3058 urbani
1669 3015 1814 3058 Roem.
1839 3013 1988 3056 Mitth..

261 3086 371 3127 1886
406 3098 454 3137 p.
494 3086 591 3134 128,
633 3083 743 3126 alibi
780 3083 968 3135 Valens,·
1010 3083 1269 3126 Valerianus
1309 3083 1531 3138 chronoqr.
1573 3098 1613 3126 a.
1651 3086 1754 3132 354,
1805 3080 1988 3124 Fulvius

263 3151 463 3194 chronica
491 3151 699 3194 nonnulla
727 3151 803 3194 sed
827 3153 875 3194 in
902 3152 984 3195 hae
1006 3155 1135 3207 parte
1165 3153 1372 3208 confusa).
1418 3152 1558 3194 Natus
1590 3167 1628 3194 a.
1651 3167 1693 3207 p.
1717 3150 1819 3193 Chr.
1847 3150 1873 3191 6
1902 3149 1990 3192 Dio

261 3222 327 3270 67,
362 3222 428 3262 14.
493 3219 685 3274 Legatus
724 3218 907 3275 legionis
947 3221 995 3262 in
1024 3221 1252 3263 Britannia
1287 3221 1403 3262 circa
1432 3235 1470 3262 a.
1501 3221 1556 3262 50
1607 3220 1705 3263 Tac.
1742 3233 1781 3261 a.
1815 3222 1886 3269 12,
1920 3222 1987 3260 40.

262 3288 453 3342 Legatus
482 3286 665 3343 legionis
694 3287 872 3330 Italicae
902 3289 947 3330 in
978 3287 1123 3333 Gallia
1151 3303 1190 3331 a.
1212 3289 1267 3331 69
1307 3289 1406 3331 Tac.
1438 3288 1477 3330 h.
1499 3292 1537 3338 1,
1559 3291 1623 3329 64.
1684 3285 1846 3329 Consul
1877 3286 1993 3328 ordi-¹

263 3356 410 3398 narius
438 3370 476 3398 a.
507 3355 563 3399 96
594 3370 682 3398 una
711 3371 810 3398 cum
831 3355 877 3401 C.
901 3355 1090 3399 Antistio
1121 3356 1282 3399 Vetere
1311 3357 1430 3410 fasti.
1474 3355 1580 3397 Mox
1611 3354 1700 3397 obit
1720 3353 1808 3397 Dio
1830 3358 1894 3405 67,
1922 3357 1987 3397 14.
