2202 3724
269 286 436 321 IVNIVS
1126 277 1210 318 240
1899 284 2065 320 IVNIVS

268 417 352 459 504
383 421 549 457 IVNIVS
581 418 847 467 MAVRIOVS,
879 411 1013 454 frater
1031 412 1147 454 Iunii
1168 410 1349 453 Aruleni
1369 412 1534 454 Rustici
1557 411 1673 454 Plirt.
1696 427 1758 467 ep.
1779 417 1817 463 1,
1838 417 1904 457 14.
1945 413 1997 456 A.
2014 414 2069 457 68

353 484 546 539 queritur
578 482 621 522 in
651 486 804 522 senatu
824 479 942 521 Plut.
967 478 1095 522 Gall).
1117 481 1156 521 8.
1202 478 1256 521 Α.
1280 479 1333 522 70
1364 480 1472 535 petit
1500 481 1546 521 in
1576 487 1728 523 senatu
1757 496 1783 523 a
1807 480 2067 536 Domitiano,

353 557 400 593 ut
420 550 593 592 nomina
614 547 854 590 delatorum
875 562 930 589 ex
957 548 1272 589 commentariis
1302 547 1613 603 principalibus
1643 549 1809 591 senatui
1840 549 2070 592 ederentur

362 619 459 660 Tac.
481 618 520 660 h.
547 621 585 667 4,
606 621 674 660 40.
706 615 941 670 Relegatur
962 630 987 657 a
1007 615 1256 657 Domitiano
1273 615 1392 659 Plin.
1411 630 1471 670 ep.
1492 619 1531 666 3,
1553 619 1618 666 11,
1638 619 1666 658 3
1689 617 1743 671 cf.
1766 617 1863 660 Tac.
1880 617 1988 672 Ayr.
2003 619 2068 662 45.

353 687 456 728 Post
482 691 662 727 mortem
682 683 1053 726 Domitiani-redit
1073 683 1127 726 ab
1148 682 1278 725 exilio
1301 683 1421 726 Plin.
1445 698 1507 738 ep.
1528 687 1567 734 1,
1587 686 1626 735 5,
1647 688 1714 727 10.
1735 688 1800 729 15.
1823 688 1889 729 16.
1932 684 2071 728 Cenat

351 753 466 809 apud
497 754 596 809 imp.
628 753 817 794 Nervam
846 751 962 793 Pliu.
996 765 1058 805 ep.
1078 755 1117 802 4,
1139 754 1213 802 22,
1236 755 1288 803 4,·
1321 751 1462 794 Victor
1483 753 1580 806 epit.
1601 756 1670 797 12.
1716 752 1757 795 A
1778 753 1965 796 Traiano
1995 752 2068 795 ad-

355 821 515 864 hibitus
544 822 587 862 in
620 820 799 862 consilio
821 819 938 861 Plirt.
960 823 998 870 4,
1019 823 1094 870 22,
1114 822 1153 862 3.
1199 818 1338 861 Filiae
1368 819 1512 862 fratris
1537 821 1741 862 maritum
1761 822 1930 876 quaerit
1948 820 2069 864 Ptin.

355 904 415 944 cp.
433 893 471 939 1,
493 893 556 939 14,
579 888 678 930 filiis
704 894 1023 944 praeceptorem
1043 887 1100 929 id.
1116 891 1159 938 2,
1177 890 1243 930 18.
1293 887 1365 930 Ad
1395 902 1492 930 eum
1521 887 1689 930 Plinius
1721 888 1840 930 dedit
1869 903 1929 943 ep.
1949 892 1988 939 1,
2005 893 2069 933 14.

351 962 394 1008 2,
417 960 483 1002 18.
515 960 552 1007 6,
582 960 648 1000 14.
673 981 724 986 —
750 955 960 1011 Aequitas
992 957 1082 998 eius
1113 955 1357 998 celebratur
1386 971 1412 999 a
1443 956 1643 999 Martial.
1674 959 1712 1007 5,
1743 959 1814 1000 28.
1876 957 2070 1000 Virtutes

352 1027 442 1068 eius
474 1025 591 1068 Plut.
624 1025 650 1068 l.
683 1038 740 1076 c.,·
770 1024 888 1067 Plirc.
911 1038 972 1078 ep.
994 1028 1031 1074 1,
1053 1027 1092 1075 5,
1114 1028 1179 1069 16.
1209 1028 1249 1075 4,
1270 1028 1345 1075 22,
1366 1028 1405 1068 3.

268 1095 350 1137 505
382 1100 552 1136 IVNIVS
598 1099 874 1136 MAVRICVS:
919 1093 1175 1149 rescriptum
1217 1092 1306 1135 divi
1352 1093 1420 1135 Pii
1466 1093 1521 1136 ad
1566 1108 1663 1136 eum
1711 1093 1925 1147 Ulpianus
1967 1092 2070 1148 Diy.

351 1165 418 1213 36,
449 1165 488 1212 3,
520 1165 558 1212 1,
588 1164 628 1204 5.

268 1232 350 1274 506
382 1237 423 1281 Q.
455 1236 624 1273 IVNIVS
656 1236 912 1272 MAVRICVS
953 1231 1064 1272 inter
1103 1244 1258 1286 pueros
1299 1230 1502 1272 senatorii
1542 1229 1703 1272 ordinis
1744 1228 1949 1271 fratribus
1987 1228 2071 1271 Ar-

352 1298 524 1341 valibus
562 1299 853 1340 ministrantes
892 1298 932 1340 d.
968 1298 1017 1340 17
1046 1299 1142 1340 Iun.
1186 1299 1264 1341 145
1305 1301 1383 1340 act.
1423 1297 1527 1340 Arv.
1569 1297 1700 1353 (Eph.
1731 1312 1792 1352 ep.
1822 1299 1851 1339 8
1882 1311 1930 1351 p.
1959 1299 2070 1354 333).

353 1367 557 1410 Fortasse
586 1366 694 1409 idem
724 1367 797 1420 qui
816 1366 1049 1421 praecedit.
1109 1420 1111 1422 ,

267 1435 348 1478 507
379 1435 530 1477 Iunius
559 1434 778 1476 Maximus
811 1433 921 1477 Stat.
943 1433 1033 1476 silv.
1054 1437 1092 1484 4,
1118 1437 1181 1477 71.
1233 1433 1277 1476 V.
1301 1432 1350 1476 O.
1379 1432 1537 1476 Vibius
1567 1432 1798 1477 Maximus,

265 1504 346 1546 508
378 1508 545 1544 IVNIVS
566 1508 795 1544 MAXIMVS
814 1495 1024 1553 tribunus,
1042 1501 1256 1544 laureatas
1272 1501 1437 1543 litteras
1453 1501 1633 1543 Romam
1650 1499 1804 1543 adtulit
1819 1501 1873 1543 de
1888 1502 2070 1544 victoria

352 1570 556 1614 Parthica
574 1570 739 1612 Fronto
767 1570 825 1612 acl
842 1569 1044 1612 Avidium
1071 1568 1265 1612 Cassium
1295 1569 1371 1624 (acl
1390 1583 1472 1614 am.
1493 1572 1533 1620 1,
1554 1572 1580 1611 6
1602 1583 1649 1622 10.
1671 1571 1753 1610 178
1780 1568 1960 1623 Naber).
1999 1569 2070 1612 Ad

353 1639 537 1681 cundem
566 1638 797 1680 Frontonis
829 1637 1012 1694 epistula
1043 1638 1100 1680 acl
1130 1652 1210 1680 am.
1238 1641 1277 1688 1,
1297 1641 1355 1680 24
1375 1652 1423 1692 p.
1447 1639 1529 1679 188
1560 1637 1614 1690 cf.
1636 1651 1685 1691 p.
1708 1639 1798 1680 122
1817 1637 1979 1682 Naber.

269 1708 351 1749 509
382 1714 434 1749 M.
466 1712 634 1748 IVNIVS
665 1712 895 1747 MAXIMVS
931 1705 1097 1760 legatus
1128 1705 1426 1760 Augustorum
1457 1704 1641 1747 duorum
1670 1704 1851 1759 legionis
1881 1705 2072 1749 decimae

350 1775 570 1816 Fretensis
602 1778 630 1816 t.
651 1773 1062 1828 Hierosolymitanus
1088 1774 1177 1816 III
1200 1773 1245 1817 S.
1267 1776 1386 1815 6641.
1430 1773 1646 1827 Auyustos
1670 1773 1855 1828 iutelleyi
1874 1773 2071 1817 Severum

352 1846 391 1884 et
430 1842 704 1885 Caracallum
735 1844 866 1896 putat
904 1841 1161 1893 Mommseu;
1200 1841 1310 1884 idem
1350 1841 1524 1883 coniecit
1561 1841 1670 1884 hunc
1710 1841 1954 1885 Maximmu
1987 1856 2072 1885 nou

353 1910 559 1954 diversum
589 1924 674 1953 esse
705 1911 758 1952 ab
790 1924 835 1952 eo
865 1910 938 1963 qui
958 1910 1190 1964 praecedit.

282 2004 339 2008 —-
383 1986 423 2021 C.
456 1985 624 2021 IVNIVS
654 1985 943 2020 MEFITANVS
974 1992 1011 2020 v.
1044 1985 1084 2020 O.
1116 1985 1293 2020 FVFIVS
1325 1984 1494 2020 IVNIVS
1527 1984 1707 2020 TADIVS
1738 1984 2042 2021 MEFITANVS.

268 2048 351 2090 510
381 2054 433 2091 M.
450 2053 618 2089 IVNIVS
641 2053 857 2089 METTIVS
880 2053 1039 2089 RVFVS
1063 2047 1138 2101 (sic
1160 2047 1307 2089 titulus
1324 2047 1538 2098 urbanus;
1557 2046 1734 2089 Mettius
1751 2046 1889 2089 Rufus
1910 2046 2072 2100 teyulae

351 2115 450 2157 XV
472 2119 544 2166 69,
580 2115 717 2157 Rufus
750 2115 848 2157 XV
867 2118 960 2158 939.
1002 2117 1127 2171 1409)
1168 2114 1316 2157 consul
1354 2115 1557 2157 suffectus
1597 2129 1698 2157 cum
1737 2114 1790 2168 Q.
1831 2115 2069 2170 Pomponio

351 2184 547 2225 Materno
579 2187 607 2227 t.
638 2184 850 2233 urbanus,
881 2183 1028 2225 Roem.
1062 2182 1207 2225 Mitth.
1238 2185 1348 2224 1886
1369 2197 1417 2236 p.
1447 2186 1506 2226 42
1532 2202 1588 2217 =
1617 2182 1786 2225 Dessau
1813 2182 1939 2225 inser.
1969 2183 2068 2226 Lat.

351 2251 421 2294 sel.
454 2255 569 2295 1622
579 2265 592 2303 ,·
632 2251 794 2306 teyulae
829 2252 1022 2293 urbanae
1058 2250 1171 2294 CIL.
1203 2251 1302 2293 XV
1322 2254 1387 2295 69.
1420 2253 1513 2294 939.
1544 2253 1662 2295 1409.
1723 2250 1896 2294 Videtwr
1933 2251 2070 2305 fasces

348 2321 501 2374 {lesisse
534 2321 787 2374 temporibus
817 2320 1040 2362 Hadriani
1069 2320 1123 2373 cf.
1154 2319 1327 2362 Dressel
1354 2318 1401 2362 O.
1431 2318 1530 2362 XV
1542 2334 1591 2374 p.
1612 2321 1683 2362 25.

267 2389 345 2430 511
380 2389 431 2430 L.
453 2388 602 2431 Iunius
632 2388 882 2431 Moderatus
914 2387 1161 2431 Columella.
1210 2387 1374 2430 Titulus
1399 2387 1653 2430 Tarentinus
1672 2386 1753 2429 IX
1773 2389 1858 2430 235
1883 2390 2072 2431 servatus

353 2471 380 2498 a
410 2455 679 2506 Pacichellio,
713 2459 861 2499 contra
890 2457 1146 2510 suspiciones
1178 2455 1370 2509 defensus
1401 2470 1429 2497 a
1456 2454 1730 2509 Grotefenclio
1761 2455 1966 2498 Zeitschr.
1997 2456 2070 2509 fur

351 2524 720 2566 Altcrthumswiss.
746 2527 852 2567 1835
873 2539 921 2579 Ρ.
943 2528 1037 2569 179.
1085 2524 1274 2566 Nomina
1294 2523 1428 2578 plena
1457 2523 1650 2566 eoehibeut
1669 2526 1707 2565 et
1727 2523 1873 2565 titulus
1893 2526 1933 2566 et
1951 2523 2068 2567 codd.

352 2591 606 2645 (Columella
627 2591 829 2646 Plinius).
880 2592 930 2635 L.
952 2592 981 2635 f.
1004 2593 1066 2636 tit.
1118 2591 1299 2646 Origine
1321 2591 1562 2636 Gaditanus
1582 2591 1670 2645 ijose
1692 2590 1741 2633 de
1758 2605 1805 2633 re
1823 2605 1859 2632 r.
1880 2592 1920 2641 8,
1942 2594 2007 2641 16,
2028 2594 2068 2635 9.

352 2664 419 2710 10,
442 2663 535 2703 185.
586 2660 724 2702 Tribu
755 2659 850 2704 Gal.
874 2661 937 2702 tit.
988 2660 1209 2702 Tribunus
1240 2659 1424 2702 militum
1453 2659 1633 2714 legionis
1653 2659 1720 2701 VI
1748 2659 1954 2701 Ferratae
1982 2659 2070 2711 tit.;

354 2742 438 2783 quo
480 2733 670 2782 tempore
699 2727 873 2769 videtur
911 2727 1074 2770 vidisse
1107 2727 1302 2771 ‘Ciliciae
1333 2727 1570 2783 Syriaeque
1609 2727 1821 2781 regiones'
1865 2725 1914 2768 de
1950 2740 1998 2769 re
2030 2741 2067 2769 r.

352 2799 396 2846 2,
416 2799 483 2846 10,
506 2798 546 2837 8.
594 2795 801 2851 Aequalis
833 2796 1023 2839 Senecae
1051 2797 1106 2841 ib.
1127 2799 1166 2847 3,
1187 2799 1227 2847 3,
1249 2799 1288 2838 3.
1334 2795 1519 2838 Praedia
1547 2794 1677 2838 habet
1706 2795 1752 2836 in
1780 2807 1884 2849 agro
1905 2793 2066 2837 Ardea-

353 2864 440 2905 tino
471 2863 730 2911 Carseolano
762 2862 932 2906 Albano
961 2867 1000 2915 3,
1032 2868 1070 2915 9,
1102 2869 1145 2915 2,
1177 2866 1221 2907 in
1251 2878 1356 2920 agro
1389 2864 1626 2907 Caeretano
1654 2866 1693 2914 3,
1714 2866 1753 2914 3,
1775 2865 1803 2905 3
1832 2863 1882 2916 cf.
1904 2865 1944 2914 3,
1966 2866 2005 2914 9,
2028 2866 2065 2908 6.

354 2931 539 2986 Scripsit
568 2931 622 2972 de
653 2930 880 2973 arboribus
911 2931 1044 2973 libros
1075 2938 1122 2974 ut
1151 2933 1324 2975 videtur
1349 2932 1456 2975 duos
1476 2945 1659 2988 quorum
1690 2936 1809 2974 extat
1837 2930 2065 2987 secundus,

353 2999 406 3041 de
433 3013 480 3040 re
510 2999 671 3041 rustica
701 2998 756 3040 ad
787 2998 836 3040 P.
869 2998 1080 3042 Silvinum
1111 2999 1244 3043 libros
1275 3001 1375 3055 XII,
1405 3001 1480 3056 qui
1515 3005 1677 3042 extant.
1698 3023 1755 3029 —
1774 2998 2011 3042 Adhibitus
2040 3014 2068 3042 a

354 3067 494 3110 Plinio
524 3067 610 3111 ind.
635 3067 661 3109 l.
682 3070 722 3109 8.
744 3070 809 3109 11.
832 3070 897 3109 14.
919 3070 983 3111 15.
1005 3071 1071 3110 17.
1093 3071 1159 3110 18.
1181 3072 1234 3112 19
1266 3069 1320 3123 cf.
1342 3071 1381 3119 8,
1403 3071 1495 3112 153.
1526 3070 1590 3118 15,
1612 3070 1677 3110 66.
1708 3070 1774 3117 17,
1795 3069 1860 3110 51.
1879 3069 1950 3110 52.
1970 3069 2064 3110 137.

353 3138 449 3179 162.
480 3138 546 3186 18,
570 3138 635 3177 70.
656 3138 748 3178 303.
780 3139 846 3186 19,
870 3138 934 3178 68.
955 3161 1013 3166 —
1033 3136 1265 3180 Parentela
1294 3151 1387 3180 cum
1416 3151 1461 3180 eo
1483 3137 1746 3179 coniunctum
1764 3135 1895 3189 fuisse
1916 3134 2065 3178 Mode-

351 3207 493 3246 ratum
528 3203 802 3254 Gaditanum,
834 3204 1079 3258 scriptorem
1109 3205 1438 3260 Pythayoricum
1467 3203 1703 3256 (Plutarch.
1727 3218 1763 3258 q.
1786 3203 1939 3246 conviv.
1959 3206 2000 3254 8,
2025 3206 2062 3254 7,

352 3271 590 3326 Stephanus
629 3271 809 3326 Byzaut.
847 3285 879 3315 s.
911 3286 946 3315 v.
983 3273 1171 3330 Γάδειρα)
1213 3274 1387 3316 coniecit
1421 3272 1652 3316 Buecheler
1685 3285 1788 3315 mus.
1829 3270 1964 3316 Rhea.
1994 3274 2061 3322 37,

352 3343 466 3385 1882
486 3355 534 3396 p.
554 3342 647 3385 335.
