2202 3724
226 281 390 317 1VL1vs
1043 266 1045 269 ’
1087 273 1170 315 204
1862 281 2026 318 1vL1vs

311 412 419 453 torio
451 411 495 452 in
525 409 703 451 consilio
726 410 796 452 vit.
819 409 936 453 Pesc.
962 409 1095 463 Niyri
1119 412 1155 459 7,
1177 413 1214 459 4,
1248 424 1438 451 assessor
1457 410 1686 466 Papiniani
1713 424 1749 453 v.
1769 410 1893 453 Alex.
1914 414 1985 462 26,
2001 415 2029 454 6

311 481 364 533 cf.
396 479 497 533 Dry.
520 481 589 527 12,
611 481 648 527 1,
671 481 736 519 49.
768 481 839 528 29,
861 481 903 527 2,
927 480 992 520 97.
1024 480 1090 528 49,
1112 481 1177 528 14,
1198 480 1264 521 50.
1324 476 1394 519 Ab
1425 476 1676 520 Alexandro
1708 479 1820 520 inter
1850 479 2029 522 exordia

310 548 593 603 (principatus
605 545 646 599 52)
687 547 851 601 patriae
893 545 1089 587 redditur
1121 545 1262 587 Victor
1289 545 1409 588 Caes.
1440 549 1510 596 24,
1540 549 1566 588 6
1595 546 1774 601 (videtur
1810 548 1942 602 iyitur
1972 549 2026 590 al)

307 614 556 669 Elayabalo
594 614 804 667 releyatus
839 613 954 668 esso).
1013 615 1062 655 In
1102 613 1280 655 consilio
1311 613 1551 656 Alexandri
1580 615 1651 659 vit.
1673 614 1796 657 Alex.
1828 618 1894 666 68,
1915 618 1941 657 1
1971 617 2026 670 cf.

307 686 377 732 27,
399 687 442 725 2.
488 681 666 723 ‘Paulus
689 688 730 723 et
751 681 963 738 Ulpianus
990 697 1084 724 cum
1117 697 1229 724 unus
1261 682 1316 724 ad
1346 683 1609 738 memoriam,
1641 682 1750 725 alter
1775 683 1830 725 ad
1860 682 2027 727 libellos

306 751 548 807 paruisset‘,
581 751 727 791 statim
753 749 957 806 praefecti
989 751 1241 806 (praetorio)
1275 751 1378 793 facti
1409 756 1509 793 sunt
1537 751 1609 795 vit.
1642 751 1760 794 Pesc.
1779 751 1912 806 Niyri
1931 755 1969 802 7,
1985 756 2026 797 4.

308 818 493 861 Paulum
524 825 566 860 et
597 824 639 859 et
666 817 902 874 Ulpianum
933 818 1004 860 alii
1036 818 1276 875 praefectos
1306 818 1361 861 ab
1382 818 1664 874 Heliogabalo
1695 819 1847 862 dicunt
1875 819 2025 872 factos,

306 887 379 929 alii
420 887 475 929 ab
515 886 764 928 Alexandro
796 887 868 928 vit.
898 887 1021 929 Alex.
1053 891 1123 937 26,
1154 890 1192 929 5.
1263 887 1534 942 (Praetereae
1565 888 1865 942 praefecturae
1895 888 2030 930 Pauli

306 956 426 998 nulla
455 956 607 997 mentio
638 958 774 1006 eatam
803 956 874 997 vix
903 956 987 1008 fuit
1008 957 1254 1009 praefectus
1282 970 1372 998 una
1406 970 1498 998 cum
1527 955 1728 1010 Ulpiano,
1758 959 1806 998 ut
1833 956 2027 999 videntur

305 1024 495 1066 indicare
533 1024 644 1065 vitae
686 1023 819 1078 Nigri
855 1027 895 1066 et
922 1024 1180 1074 Alexandri,
1221 1038 1322 1066 nam
1358 1024 1446 1066 Dio
1478 1027 1518 1066 et
1554 1024 1748 1067 Zosimus
1784 1038 1877 1066 cum
1917 1024 2026 1067 alios

306 1093 484 1146 eolleyas
508 1092 689 1146 Ulpiani
707 1095 931 1134 memorent
950 1093 1021 1134 vim
1033 1095 1265 1146 potuerunt
1285 1096 1422 1135 tacere
1443 1092 1491 1135 de
1510 1092 1616 1147 hoc).
1632 1118 1690 1122 —
1703 1093 1861 1140 Παῦλος
1881 1095 1902 1135 ὁ
1923 1109 2025 1149 νομι-

306 1160 372 1207 κός
393 1166 655 1202 memoratur
667 1159 924 1202 Artemidor.
942 1161 1157 1202 onirocrit.
1173 1164 1212 1211 4,
1229 1163 1296 1211 80,
1319 1161 1427 1203 idem
1446 1164 1492 1203 ut
1511 1160 1675 1204 videtur
1691 1159 1761 1215 (cf.
1781 1160 2027 1204 Tzschirne‘r

304 1228 507 1271 Zeitschr.
539 1229 570 1281 f.
603 1228 891 1283 Rechtsyesch.
914 1232 983 1279 12,
1016 1231 1123 1271 1875
1144 1244 1190 1283 p.
1211 1229 1320 1283 150).

220 1298 302 1340 304
333 1297 384 1341 Τ.
405 1297 540 1339 Iulius
571 1297 754 1338 Perseus
786 1296 863 1350 (sic
894 1297 1015 1339 VIII
1029 1301 1115 1340 997
1121 1311 1134 1348 ,·
1164 1297 1299 1339 Iulius
1326 1298 1500 1340 Persius
1521 1298 1682 1352 Apulei
1709 1297 1921 1348 editiones,
1951 1297 2026 1340 sed

315 1365 474 1407 codices
494 1366 696 1419 Perseus)
718 1365 773 1407 ab
793 1365 978 1422 Apuleio
1011 1365 1211 1408 inductus
1236 1365 1373 1408 verba
1398 1366 1559 1408 faciens
1580 1367 1625 1408 in
1646 1365 1815 1421 dialogo
1836 1365 2024 1423 quodam

304 1434 462 1488 scripto
493 1433 536 1474 in
558 1432 761 1474 honorem
782 1432 1029 1489 Aesculapii
1051 1433 1210 1488 Apulei
1227 1434 1367 1487 florid.
1390 1437 1428 1485 4,
1451 1437 1517 1477 18.
1556 1434 1864 1490 Carthaginem
1885 1440 2021 1484 amat3

303 1500 444 1543 clarus
465 1499 701 1542 honoribus
724 1499 1026 1555 (Carthagine)
1048 1502 1103 1545 ib.
1139 1501 1426 1544 ‘Utilitatibus
1448 1501 1650 1558 publicis’
1676 1501 2023 1557 (Carthaginien-

305 1570 434 1622 sium)
465 1569 673 1624 prospicit
701 1569 758 1612 ib.
811 1568 1071 1625 Aesculapio
1095 1569 1334 1612 aediculam
1355 1570 1528 1612 dedicat
1558 1584 1692 1627 prope
1714 1570 2022 1625 Carthaginem

305 1638 426 1680 VIII
452 1641 537 1679 997
574 1637 810 1691 epistylium
848 1652 934 1692 rep.
976 1638 1034 1680 acl
1071 1639 1254 1681 thermas
1297 1640 1566 1682 suburbanas
1606 1639 2023 1694 Carthayiniensium

302 1706 422 1748 hoclie
443 1706 577 1747 dictas
597 1705 826 1747 Hammam
845 1706 970 1760 Ellis,
1005 1707 1237 1760 antiquitus
1267 1708 1449 1761 fortasse
1482 1709 1534 1750 ab
1566 1709 1657 1762 ipso
1678 1707 1829 1762 Aquas
1848 1707 2020 1750 Persia-

300 1788 391 1823 nas,
425 1775 479 1827 cf.
507 1774 644 1815 Tissot
660 1774 914 1828 qeoyraphiTe
942 1775 991 1817 de
1013 1774 1225 1829 l'Afrique
1254 1776 1315 1818 II
1331 1791 1379 1830 p.
1400 1779 1496 1819 126.
1548 1776 1798 1819 Conductor
1818 1782 2022 1832 quattuor

215 1867 221 1877 .
302 1840 571 1897 publicorum
592 1842 766 1884 Africae
793 1842 915 1885 VIII
933 1846 1028 1886 997.
1079 1843 1241 1899 (Unum
1271 1844 1522 1898 eundemque
1550 1844 1756 1887 hominem
1783 1845 2026 1899 siqnificari

303 1910 402 1951 olim
440 1911 602 1952 monuit
629 1911 839 1953 Renierus
869 1911 967 1953 bull.
1000 1912 1069 1954 cles
1099 1913 1228 1966 antiq.
1261 1912 1311 1955 sle
1337 1913 1511 1955 France
1541 1916 1655 1956 1857
1672 1928 1720 1968 p.
1742 1912 1852 1967 137).

216 1979 298 2020 305
330 1984 371 2020 C.
393 1984 557 2020 IVLIVS
590 1985 845 2021 PHILIPPVS
879 1977 1158 2033 (praenomen
1187 1981 1398 2023 invenitur
1426 1982 1473 2023 in
1501 1981 1588 2024 solo
1620 1985 1647 2026 t.
1675 1981 1897 2024 Tralliano
1920 1981 2019 2024 bull.

302 2046 350 2088 ‹le
381 2060 488 2088 corr.
510 2049 536 2089 5
558 2061 604 2100 p.
626 2050 718 2097 346,
749 2050 794 2103 8)
826 2047 939 2089 filius
970 2048 1018 2091 O.
1050 2048 1150 2091 Iulii
1182 2049 1371 2106 Philippi
1404 2050 1694 2106 procuratoris
1724 2049 2021 2104 Augustorum

302 2115 406 2168 (eius
433 2115 507 2168 qui
533 2116 748 2171 sequitur),
782 2122 954 2158 senator
983 2116 1130 2172 populi
1154 2117 1346 2172 Romani,
1378 2125 1552 2174 praetor
1570 2119 1669 2160 vivo
1696 2124 1818 2174 patre
1844 2121 1871 2159 t.
1899 2117 2022 2160 Tral-

301 2183 408 2224 liani
429 2181 572 2225 GIGr.
595 2187 728 2233 2933,
760 2184 877 2228 Bull.
909 2184 957 2226 cle
988 2199 1094 2229 corr.
1127 2185 1220 2228 hell.
1252 2189 1279 2228 5
1299 2201 1346 2239 p.
1368 2189 1449 2228 346
1477 2200 1518 2228 n.
1542 2189 1591 2237 8,
1626 2186 1773 2228 Mitth.
1805 2186 1876 2228 des
1902 2186 2020 2230 arch.

300 2251 405 2294 Inst.
436 2265 489 2294 zu
519 2251 658 2293 Athen
688 2254 797 2294 1886
825 2267 872 2306 p.
905 2256 990 2295 204
1020 2273 1075 2288 τ-
1105 2253 1221 2298 Bull.
1255 2254 1304 2296 cle
1344 2269 1452 2297 corr.
1483 2254 1577 2297 hell.
1608 2257 1718 2296 1886
1746 2269 1794 2308 p.
1825 2257 1906 2298 456
1914 2268 1927 2306 ,·
1964 2255 2019 2308 cf.

302 2319 429 2361 etiam
456 2318 523 2361 CI
525 2319 602 2362 Gr.
624 2323 751 2362 2790.
783 2323 911 2363 2932.

213 2387 295 2429 306
328 2386 376 2430 C.
407 2387 542 2430 Iulius
584 2387 832 2444 Philippus,
877 2388 923 2431 C.
956 2387 1055 2430 Iulii
1087 2389 1277 2446 Philippi
1316 2391 1534 2448 ἀρχιερέως
1563 2390 1693 2432 Asiae
1727 2389 1862 2444 filius,
1903 2388 2020 2431 tribu

300 2455 468 2510 Velina,
502 2471 632 2512 eques
654 2457 883 2511 Romanus,
917 2472 939 2499 e
971 2457 1184 2500 iudicibus
1216 2458 1397 2509 selectis,
1420 2465 1675 2515 procurator
1700 2457 2019 2513 Augustorum3

300 2524 343 2564 in
382 2525 521 2580 patria
563 2524 762 2567 sacerdos
801 2532 1034 2581 perpetuus
1071 2526 1187 2567 Iovis
1223 2527 1392 2569 Larasii
1426 2530 1453 2569 t.
1491 2526 1738 2569 Trallianus
1770 2526 1916 2568 Mitth.
1949 2526 2020 2569 des

299 2591 413 2633 arch.
442 2593 549 2634 Inst.
579 2606 631 2635 eu
661 2592 800 2635 Athen
830 2596 939 2636 1886
962 2608 1008 2647 p.
1025 2597 1111 2637 204
1137 2613 1192 2628 =
1222 2595 1343 2637 Bull.
1377 2595 1425 2638 de
1453 2609 1558 2638 corr.
1591 2595 1685 2637 hell.
1716 2597 1834 2637 1886
1856 2609 1905 2649 p.
1926 2597 2020 2638 456.

300 2659 485 2701 Curator
514 2660 921 2716 Aphrodisiensium
962 2665 989 2704 t.
1021 2661 1368 2716 Aphrodisiensis
1396 2663 1465 2706 CI
1466 2664 1542 2706 Gr.
1568 2667 1696 2708 2790.
1754 2663 2021 2705 Memoratur

299 2728 426 2770 etiam
469 2729 513 2770 in
551 2732 577 2773 t.
615 2730 849 2772 Trallianis
878 2730 1024 2774 CIGr.
1056 2733 1183 2774 2932.
1216 2734 1338 2775 2933.
1370 2757 1426 2761 —-
1455 2733 1586 2774 Pater
1619 2731 1667 2774 C.
1699 2730 1798 2774 Iulii
1829 2730 2019 2788 Philippi

301 2798 508 2838 senatoris
550 2797 695 2854 populi
727 2799 908 2840 Romani
950 2799 1066 2840 tituli
1099 2799 1327 2842 Tralliani.
1357 2825 1415 2830 —
1444 2801 1589 2855 Ipsius
1613 2803 1744 2854 pater
1773 2799 2016 2854 Philippus,

296 2865 501 2922 ἀρχιερεὺς
519 2865 662 2916 Αείοιεχ
681 2867 765 2912 sive
785 2866 1014 2917 Asiarcha,
1044 2871 1300 2910 memoratur
1329 2869 1375 2910 in
1405 2868 1584 2923 epistula
1610 2868 1938 2922 Smyrnaeorum
1968 2867 2018 2911 cle

297 2933 502 2987 martyrio
533 2934 765 2989 Polycarpi
805 2949 837 2978 c.
869 2939 937 2978 12.
974 2938 1031 2978 21
1062 2933 1148 2989 (ap.
1180 2935 1372 2978 Ruinart
1412 2939 1492 2978 act.
1525 2937 1707 2990 primor.
1742 2939 1917 2991 martyr.
1956 2935 2017 2978 ecl.

300 3000 442 3043 Paris.
462 3005 569 3044 1689
593 3017 639 3056 p.
660 3006 731 3046 32.
752 3006 805 3045 34
830 3007 867 3045 et
887 3018 953 3058 ap.
975 3003 1148 3045 Dressel
1169 3004 1350 3046 Patrum
1380 3005 1706 3059 apostolicorum
1737 3018 1866 3059 opera
1892 3003 1954 3046 cd.
1973 3007 2017 3055 2,

298 3071 406 3110 1863
426 3084 473 3123 p.
495 3074 588 3112 400.
619 3073 732 3127 406),
764 3071 951 3125 idemque
980 3071 1214 3113 honoratur
1245 3072 1365 3115 titulo
1395 3072 1640 3127 olympiaco
1671 3073 1776 3115 anni
1795 3087 1842 3127 p.
1871 3072 1916 3115 G.
1940 3075 2019 3115 149

298 3134 524 3188 (archaeol.
548 3138 726 3193 Zeituny
755 3143 820 3189 37,
854 3142 962 3181 1880
988 3154 1031 3193 p.
1053 3139 1140 3193 62).

212 3203 294 3245 307
326 3211 426 3249 IMP.
470 3211 608 3249 CAES.
649 3213 700 3250 M.
743 3213 907 3249 IVLIVS
949 3213 1205 3250 PHILIPPVS
1236 3215 1350 3250 AVG.
1417 3209 1584 3252 Nomen
1612 3209 1785 3263 plenum
1825 3208 2020 3251 exhibent

300 3272 413 3314 tituli
432 3273 624 3327 plerique
646 3278 683 3315 ct
702 3277 873 3325 nummi,
905 3277 1003 3317 item
1024 3289 1073 3317 ex
1093 3276 1370 3330 scriptoribus
1400 3277 1553 3321 Victor.
1583 3277 1702 3320 Caes
1724 3280 1795 3327 27,
1819 3278 1914 3331 epit.
1936 3279 2019 3328 28;

301 3339 473 3382 Marcus
506 3341 732 3403 Philippus
765 3342 867 3387 Vict.
897 3343 1014 3386 Caes.
1037 3345 1106 3393 27,
1141 3343 1364 3401 Philippus
1395 3345 1549 3400 reliqui
1575 3347 1810 3400 scriptores.
