2202 3724
170 282 383 320 LOLLIVS
1030 278 1112 321 297
1794 285 1979 321 LOLLIA

170 415 254 458 235
283 413 453 457 Lollius
476 415 656 470 Scaeva,
689 430 822 472 eques
843 416 1084 458 Romanus:
1116 415 1171 458 ad
1202 430 1302 458 eum
1331 415 1436 458 data
1453 416 1624 458 Horatii
1656 415 1840 472 epistula
1863 417 1898 470 1,
1929 416 1980 458 17

254 483 380 526 schol.
412 482 784 526 Pseudo-Acronis
823 484 880 526 ad
909 483 1015 528 Hor.
1049 483 1076 526 l.
1108 498 1142 527 c.
1175 499 1244 539 ap.
1276 484 1473 526 Hauthal
1502 485 1563 527 II
1584 499 1634 539 p.
1654 488 1735 527 461
1774 483 1983 540 (dubitari

253 554 395 606 potest
431 565 531 594 num
569 555 702 603 recte;
744 552 788 594 in
827 553 921 606 ipsa
958 553 1139 606 epistula
1179 552 1346 595 Scaeva
1386 555 1550 594 tantum
1587 552 1765 604 dicitur;
1799 554 1982 606 fortasse

254 620 452 674 confusus
482 634 574 662 cum
606 619 756 670 Lollio,
791 620 849 662 ad
876 635 994 674 quem
1026 621 1130 663 data
1159 621 1341 675 epistula
1370 635 1478 674 quae
1506 621 1801 676 subsequitur).

171 689 255 732 236
284 688 335 730 L.
358 687 524 730 Lollius
545 687 741 743 Senecio,
768 688 903 730 frater
924 688 977 742 Q.
1002 688 1131 730 Lollii
1153 688 1304 732 Urbici
1336 689 1543 745 praefecti
1573 689 1694 732 urbis
1724 689 1847 732 VIII
1858 693 1978 733 6705.

170 757 253 799 237
284 756 343 800 M.
367 755 532 799 Lollius
555 756 748 810 Senecio,
778 764 898 813 pater
919 756 973 810 Q.
998 756 1124 799 Lollii
1149 756 1299 800 Urbici
1331 757 1539 813 praefecti
1571 757 1692 800 urbis
1724 757 1847 801 VIII
1858 762 1978 802 6705.

169 825 253 868 238
283 824 449 867 Lollius
481 825 684 879 Serenus,
715 825 870 867 adfinis
901 824 1043 867 Clodii
1072 824 1219 868 Albini
1251 827 1322 868 vit.
1351 825 1476 868 Glod.
1507 826 1654 869 Albin.
1677 830 1714 877 6,
1738 830 1775 870 1.

169 894 253 937 239
284 892 450 936 Lollius
471 893 672 947 Urbicus,
705 900 856 935 auctor
882 894 1038 936 citatus
1068 893 1123 935 de
1149 893 1279 936 rebus
1308 896 1443 949 gestis
1474 909 1587 937 anno
1618 895 1758 949 217s8,
1790 894 1982 951 aequalis

254 960 411 1004 horum
444 968 684 1018 temporum
713 962 784 1003 vit.
817 961 1022 1006 Diadum.
1044 965 1082 1012 9,
1105 965 1149 1006 2.

170 1030 254 1072 240
284 1036 327 1081 Q.
348 1036 559 1072 LOLLIVS
581 1036 806 1072 VRBICVS.
845 1030 999 1072 Tituli:
1019 1031 1116 1085 ayri
1134 1030 1340 1073 Cirtensis
1363 1031 1485 1074 VIII
1497 1035 1605 1074 6706
1626 1033 1711 1086 ipsi
1721 1033 1889 1086 positus
1909 1033 1980 1088 (1),

261 1098 515 1141 Tidde‘tanus
536 1098 658 1141 VIII
669 1101 778 1141 6705
799 1099 852 1140 ab
875 1113 921 1140 eo
933 1099 1102 1153 positus
1124 1099 1380 1153 parentibus
1401 1100 1478 1154 (2),
1508 1101 1698 1142 urbanus
1731 1100 1798 1143 VI
1810 1103 1870 1144 28
1899 1100 1982 1155 (3);

250 1170 480 1222 praetcrea
498 1169 756 1209 memoratur
778 1167 822 1209 in
836 1166 1106 1209 Britannicis
1126 1167 1217 1209 VII
1229 1171 1338 1210 1041
1354 1166 1414 1222 (4)
1431 1171 1470 1210 et
1484 1171 1595 1211 1125
1615 1171 1671 1224 (5)
1695 1172 1734 1211 ct
1752 1170 1798 1211 in
1816 1170 1982 1212 urbano

256 1235 480 1278 VI10707
497 1235 570 1292 (6).
619 1234 687 1288 Cf.
709 1234 920 1290 Boryhcsi
950 1249 1043 1289 opp.
1064 1238 1091 1278 5
1112 1251 1160 1289 p.
1180 1239 1276 1280 419.

340 1304 393 1357 Q.
425 1303 593 1346 Lollius
623 1302 814 1347 Urbicus
845 1307 873 1345 t.
903 1306 1005 1353 1—5,
1036 1303 1203 1346 Lollius
1234 1303 1423 1348 Urbicus
1457 1308 1484 1346 t.
1506 1308 1532 1347 6
1563 1309 1602 1347 ct
1632 1309 1834 1348 auctores>
1845 1306 1980 1360 pleri-

253 1387 351 1427 que,
395 1373 585 1416 Urbicus
616 1372 809 1415 Iustinus
844 1371 1070 1427 (Urbieius
1100 1372 1343 1428 Eusebius).
1374 1398 1431 1402 —
1460 1373 1519 1416 M.
1550 1373 1578 1415 f.
1612 1377 1640 1415 t.
1672 1377 1719 1423 1,
1762 1374 1821 1416 M.
1853 1373 1981 1416 Lollii

254 1441 503 1485 Senecionis
524 1447 567 1484 et
587 1441 779 1484 Graniae
799 1441 1050 1483 Honoratae
1070 1440 1185 1483 filius
1217 1445 1243 1483 t.
1266 1445 1309 1484 2.
1356 1441 1573 1484 Oriundus
1600 1442 1762 1484 videtur
1793 1457 1843 1485 ex
1864 1457 1982 1498 payo

256 1509 512 1554 Cirtensium
555 1509 683 1552 Tiddi
693 1542 703 1560 ,
742 1510 941 1563 quoniam
981 1509 1045 1551 ibi
1074 1510 1222 1563 posuit
1252 1510 1508 1564 parentibus
1547 1509 1714 1552 titulum
1746 1514 1789 1554 2.
1845 1510 1983 1554 Tribu

255 1579 440 1632 Quirina
470 1581 498 1622 t.
529 1581 568 1621 1.
629 1577 919 1631 Quattuorvir
948 1578 1117 1620 viarum
1147 1578 1460 1632 curandarum,
1503 1577 1705 1621 tribunus
1739 1578 1983 1622 laticlaviu's

253 1647 437 1702 legionis
457 1646 596 1690 XXII
617 1647 921 1701 Primigeniae,
946 1653 1151 1703 quaestor
1181 1646 1315 1699 urbis,
1347 1646 1516 1702 legatus
1547 1647 1816 1704 proconsulis
1837 1648 1980 1701 Asiae,

255 1715 457 1758 tribunus
502 1715 639 1772 plebis
689 1714 944 1757 candidatus
991 1715 1211 1770 Caesaris,
1263 1722 1438 1772 praetor
1487 1715 1762 1771 candidatus,
1815 1715 1982 1771 legatus

256 1783 440 1839 legionis
471 1784 515 1826 X
547 1783 778 1838 Geminae,
821 1783 989 1838 legatus
1028 1785 1130 1841 imp.
1162 1783 1376 1826 Hadriani
1408 1785 1452 1826 in
1485 1784 1760 1841 expeditione
1790 1784 1979 1839 Iudaica,

257 1852 414 1896 exinde
444 1852 629 1895 donatus
660 1852 784 1895 donis
815 1851 1098 1905 militaribus3
1130 1852 1280 1895 consul
1310 1853 1426 1908 (suff.
1450 1868 1486 1895 a.
1509 1854 1635 1908 inc.);
1666 1852 1834 1908 legatus
1865 1853 1981 1908 Aug.

254 1922 504 1978 provinciae
548 1922 808 1966 Germaniae
854 1921 1066 1964 inferioris
1112 1925 1141 1964 t.
1179 1926 1205 1964 1
1250 1922 1376 1976 (haec
1422 1922 1564 1964 omnia
1604 1923 1694 1964 vivo
1733 1925 1781 1964 ut
1818 1922 1982 1965 m'detur

260 1989 499 2041 Hadriano,
533 1994 560 2033 t.
590 1990 646 2044 1).
706 1990 896 2045 Legatus
925 2005 1004 2046 pro
1035 2005 1099 2046 pr.
1133 1991 1233 2046 imp.
1265 1990 1475 2032 Antonini
1507 1991 1575 2032 Pii
1605 1991 1857 2047 provinciae
1889 1991 1981 2033 Bri·

258 2060 431 2102 tanniae
454 2060 526 2102 vit.
549 2058 624 2100 Pii
642 2062 681 2109 5,
702 2062 752 2109 4,·
783 2062 812 2101 t.
835 2062 874 2101 4.
895 2061 935 2109 5,
967 2073 1058 2100 rem
1089 2059 1200 2100 bene
1230 2060 1345 2114 gerit
1374 2066 1525 2101 contra
1554 2059 1787 2101 Britannos
1815 2060 1887 2101 vit.
1909 2058 1985 2101 Pii

256 2128 283 2172 l.
306 2141 364 2179 σ.,·
394 2127 477 2170 sub
508 2128 602 2169 eius
633 2142 738 2169 cura
767 2126 929 2169 vallum
951 2127 1130 2169 ductum
1150 2142 1176 2169 a
1195 2126 1321 2170 Clota
1350 2127 1404 2170 ad
1434 2127 1682 2170 Bodotriam
1707 2129 1779 2171 vit.
1803 2127 1878 2169 Pii
1896 2127 1923 2170 l.
1946 2142 1980 2170 c.

255 2196 310 2250 cf.
341 2199 370 2238 t.
389 2199 416 2238 5
443 2199 482 2238 et
512 2195 714 2238 Huebner
740 2195 853 2239 CIL.
889 2195 984 2238 VII
998 2211 1046 2250 p.
1067 2199 1166 2238 192.
1216 2195 1401 2250 Propter
1428 2197 1649 2238 victoriam
1679 2196 1982 2238 Britannicam

169 2265 171 2267 ’
256 2264 455 2318 aliquam,
486 2264 597 2307 hanc
626 2265 716 2306 sine
746 2264 886 2315 dubio,
917 2264 1135 2306 Antonino
1162 2263 1244 2306 Pio
1275 2266 1442 2306 tertium
1474 2265 1637 2307 consuli
1663 2266 1719 2319 (a.
1741 2267 1982 2321 140-142)

254 2334 526 2387 imperatoris
563 2333 715 2374 iterum
750 2346 899 2375 nomen
938 2332 1121 2374 inditum
1160 2346 1246 2375 esse
1283 2334 1445 2375 nummi
1475 2347 1560 2375 ncm
1591 2333 1762 2375 obscure
1790 2332 1983 2375 indicant

256 2400 433 2456 (Eckhel
463 2404 490 2442 7
513 2415 557 2455 p.
588 2404 665 2452 14;
709 2400 849 2443 Cohcn
876 2401 936 2443 II
961 2416 1007 2454 p.
1037 2403 1135 2449 284,
1163 2404 1229 2443 35.
1260 2404 1354 2450 349,
1375 2404 1588 2445 498-500.
1619 2404 1712 2451 365,
1746 2404 1831 2444 623
1861 2401 1922 2444 ed.
1955 2405 1980 2443 1

257 2490 312 2504 =
334 2469 396 2512 II
409 2484 457 2524 p.
480 2471 581 2519 281,
603 2472 812 2512 113-115.
832 2472 936 2519 282,
959 2472 1040 2512 119
1062 2469 1124 2511 cd.
1145 2471 1206 2525 2),
1237 2470 1469 2524 imperator
1486 2471 1640 2512 iterum
1670 2473 1810 2512 autem
1840 2470 1982 2524 appel-

257 2538 431 2580 labatur
449 2538 694 2580 Antoninus
719 2537 826 2579 Pius
855 2538 942 2579 iam
973 2551 1085 2579 anno
1108 2541 1194 2580 142
1223 2536 1294 2590 (Χ
1309 2541 1414 2589 515,·
1440 2552 1524 2580 non
1556 2552 1668 2580 anno
1698 2538 1860 2581 demum
1889 2541 1980 2588 143,

253 2609 301 2648 ut
331 2607 527 2661 opinatus
547 2610 607 2648 est
626 2605 885 2661 Boryhesius
907 2620 1000 2660 opp.
1021 2609 1060 2655 5,
1081 2609 1172 2649 419.
1194 2610 1234 2656 9,
1256 2606 1383 2660 296);
1413 2606 1522 2649 unde
1551 2607 1740 2660 sequitur
1765 2621 1876 2649 anno
1897 2609 1982 2649 142

253 2674 318 2717 vel
345 2675 472 2717 etiam
490 2674 642 2729 paullo
673 2678 800 2716 antea
820 2674 1006 2717 Lollium
1038 2674 1235 2717 Urbicum
1265 2674 1447 2730 Zeyatum
1472 2674 1733 2718 Britanniae
1761 2676 1904 2729 fuisse.
1928 2700 1978 2704 —-

257 2742 495 2786 Proconsul
516 2742 692 2786 Africae
710 2742 919 2797 Apuleius
939 2743 1050 2797 apol.
1072 2745 1116 2785 2.
1167 2743 1420 2785 Praefectus
1441 2742 1538 2785 urbi
1561 2746 1590 2786 t.
1610 2747 1655 2786 2.
1677 2747 1717 2785 3.
1739 2747 1787 2794 6,·
1818 2743 1981 2786 Fronto

257 2811 316 2853 ad
342 2812 465 2855 amic.
495 2815 540 2861 2,
570 2815 599 2853 7
616 2826 664 2866 p.
686 2814 768 2854 194
790 2811 872 2862 Ν.;
911 2812 966 2865 cf.
1005 2812 1191 2854 Iustinus
1218 2815 1383 2866 martyr
1413 2812 1578 2866 apotoy.
1607 2812 1668 2854 II
1692 2826 1725 2853 c.
1746 2815 1784 2853 1.
1806 2815 1838 2854 2
1867 2811 1980 2863 (inde

208 2865 233 2879 ‘
256 2879 468 2923 Eusebius
491 2880 586 2922 hat.
619 2880 772 2930 eccm,
794 2880 878 2935 17).
911 2905 968 2910 —
997 2880 1176 2923 Fetialis
1207 2884 1234 2924 t.
1261 2884 1300 2922 1.

170 2949 252 2990 241
284 2947 446 2991 Lollia:
479 2949 568 2991 eius
599 2948 772 2990 libertus
803 2948 855 3002 Q.
878 2948 1046 2991 Lollius
1077 2948 1244 2991 Lolliae
1277 2948 1303 2991 l.
1339 2948 1515 2991 Hilarus
1543 2949 1731 2991 horrear.
1765 2947 1833 2990 VI
1850 2951 1961 2990 9467
1968 2962 1981 2998 ;

258 3016 440 3059 eiusdem
469 3017 652 3070 fortasse
686 3017 800 3059 alius
830 3017 1004 3060 libertus
1034 3017 1087 3070 Ω.
1119 3016 1286 3060 Lollius
1316 3017 1481 3059 Lolliae
1510 3016 1537 3059 l.
1569 3017 1703 3058 Hiero
1737 3016 1803 3058 VI
1824 3019 1978 3059 21462.

257 3083 438 3139 Propter
459 3099 720 3139 praenomen
745 3085 990 3128 libertorum
1012 3085 1066 3139 Ω.
1088 3085 1130 3139 f,
1164 3085 1330 3128 diversa
1355 3086 1488 3140 iyitur
1506 3086 1559 3127 ab
1583 3100 1633 3127 ea
1652 3099 1759 3138 quac
1779 3085 1978 3138 sequitur.

172 3153 256 3195 242
286 3158 471 3195 LOLLIA
510 3159 730 3195 PAVLINA
768 3153 827 3195 M.
868 3153 998 3196 Lollii
1039 3161 1082 3195 et
1120 3153 1326 3196 Volusiae
1364 3153 1454 3195 filia
1499 3154 1595 3196 Tac.
1639 3168 1677 3194 a.
1714 3155 1792 3202 12,
1829 3156 1867 3195 1.
1903 3156 1978 3202 22,

257 3220 317 3263 M.
348 3219 478 3263 Lollii
509 3222 649 3277 neptis
680 3221 798 3264 Plin.
830 3222 870 3266 h..
900 3237 942 3266 n.
970 3225 1008 3272 9,
1040 3226 1133 3273 117,
1164 3228 1298 3278 nupta
1325 3222 1528 3263 Memmio
1561 3219 1747 3274 Regulo,
1775 3220 1876 3262 huic
1906 3219 1980 3263 ab·

258 3289 388 3332 ducta
416 3304 442 3331 a
474 3288 585 3332 Graio
621 3296 664 3331 et
702 3304 804 3331 mox
845 3289 1023 3332 dimissa
1057 3290 1154 3332 Tac.
1186 3305 1226 3332 a.
1258 3293 1333 3340 12,
1366 3293 1449 3339 22,
1491 3289 1606 3332 Suet.
1647 3288 1746 3332 Gai.
1775 3291 1844 3337 25,
1892 3286 1980 3330 Dio

254 3360 321 3408 59,
354 3360 424 3401 12.
451 3360 510 3401 23
537 3357 659 3412 (Zon.
691 3361 757 3408 11,
786 3357 870 3413 56).
930 3358 1126 3400 Divitiae
1158 3364 1199 3399 et
1227 3357 1404 3400 luxuria
1434 3358 1525 3399 eius
1556 3356 1675 3399 Plin.
1703 3356 1742 3399 h.
1774 3370 1815 3397 n.
1838 3359 1878 3406 9,
1900 3359 1983 3398 117
