2202 3724
165 271 378 311 LEPIDVS
1031 265 1115 308 269
1709 269 1978 307 LESBONAX

163 403 220 446 99
251 436 261 446 .
278 437 289 446 .
309 436 319 446 .
335 437 346 446 .
377 410 591 446 LEPIDVS
617 402 767 446 consul
797 402 895 445 suff.
926 418 1024 445 cum
1045 401 1094 446 C.
1116 402 1228 446 Iulio
1254 402 1459 445 Pisibano
1485 404 1586 457 fast.
1611 404 1690 457 fer.
1715 403 1812 445 Lat.
1833 401 1976 458 (XIV

248 472 391 526 2444).
441 471 510 515 De
540 475 722 527 tempore
752 472 994 515 consulatus
1023 474 1079 527 ef.
1101 486 1235 528 supra
1257 473 1335 515 sub
1363 471 1410 516 G.
1433 472 1549 515 Iulio
1572 472 1780 514 Pisibano
1803 470 1854 523 (I
1866 472 1976 526 309).

167 542 248 584 100
278 547 492 583 LEPIDVS
533 540 684 582 consul
726 541 883 583 iterum
922 556 1022 583 cum
1062 540 1253 584 Censore
1294 542 1448 583 iterum
1487 555 1634 582 mense
1674 540 1788 594 Aug.
1823 555 1862 581 a.
1893 539 1975 580 inc.

250 613 277 652 t.
299 608 583 652 Britannicus
614 609 710 651 VII
719 612 808 652 ,⁸287
837 610 890 663 ef.
910 624 958 663 p.
978 613 1063 651 307
1091 610 1366 665 (temporibus
1395 609 1542 652 Severi
1570 609 1632 651 vel
1655 607 1909 657 Alexandri,
1939 607 1979 648 si

250 681 359 720 reete
389 677 439 720 cle
468 678 620 720 litteris
650 677 765 720 tituli
792 677 998 720 iudicavit
1019 678 1245 729 Huebner,·
1272 681 1319 720 ut
1343 677 1512 729 suffecti
1530 678 1715 731 fuerint,·
1743 691 1844 719 nam
1868 677 1978 718 inter

250 746 492 789 ordinarios
521 760 607 788 non
634 746 843 800 adparent
869 745 1028 788 Censor
1057 749 1097 789 et
1126 746 1326 801 Lepidus.
1372 746 1460 789 Sed
1486 747 1603 788 mira
1632 749 1737 788 esset
1762 745 1978 787 consulum

249 813 522 866 suffectorum
550 815 705 857 mentio
735 815 782 856 in
812 814 935 857 titulo
956 815 1219 869 provinciali
1246 829 1355 857 saec.
1378 830 1427 869 p.
1454 814 1558 857 Chr.
1591 815 1727 856 tertio.
1774 814 1978 855 Fortasse

251 884 438 927 eonsules
477 883 692 926 ordinarii
729 884 903 937 fuerunt
938 883 1097 926 Censor
1126 887 1166 926 et
1195 883 1404 938 Lepidus,
1443 883 1519 926 secl
1556 885 1666 938 faeti
1705 898 1734 925 a
1763 882 1976 932 Postumo,

250 952 360 995 unde
388 953 435 994 in
464 953 593 1006 fastis
620 952 743 994 nulla
773 967 917 994 eorum
945 952 1128 1006 mentio).

169 1021 245 1063 101
280 1019 476 1077 Lepidus
487 1053 498 1075 ,
546 1021 660 1062 inter
699 1020 896 1062 homines
936 1036 1112 1063 suorum
1152 1027 1417 1078 temporum,
1465 1022 1540 1077 qui
1584 1020 1661 1062 diu
1704 1021 1837 1062 vitam
1882 1035 1977 1077 pro-

252 1089 476 1143 traxerint,
510 1095 789 1131 enumeratur
818 1103 846 1130 a
877 1089 944 1131 M.
974 1089 1193 1132 Antonino
1224 1091 1279 1137 εἰς
1309 1089 1449 1132 ἑαυτόν
1477 1093 1516 1139 4,
1544 1093 1611 1133 59.

166 1158 267 1200 101⁸
290 1157 506 1214 Lepidus,
548 1157 676 1200 homo
718 1159 763 1200 in
792 1159 1021 1215 provincia
1051 1159 1190 1201 Ponto
1222 1165 1265 1201 et
1293 1158 1502 1214 Bithynia
1532 1157 1687 1211 clarus,
1726 1157 1978 1199 Alexandro

249 1226 584 1269 Abonutiohitae
613 1241 771 1269 exosus
802 1227 1021 1269 Iaseianus
1050 1227 1174 1271 Alex.
1205 1229 1275 1270 25.
1305 1230 1370 1270 43.

166 1295 268 1338 101⁵
295 1294 512 1352 Lepidus:
533 1296 627 1338 eius
649 1295 831 1338 historia
851 1295 1105 1338 abbreviata
1124 1297 1312 1354 (ἱστορίας
1331 1296 1395 1339 vel
1414 1297 1587 1352 ἱστορικὴ
1609 1295 1793 1351 ἐπιτομὴ)
1811 1294 1978 1338 Graece

251 1365 414 1421 scripta
442 1363 637 1407 adhibita
666 1379 693 1406 a
723 1364 867 1419 Steph.
888 1364 993 1420 Byz.
1026 1363 1099 1419 (ef.
1122 1365 1307 1408 Mueller
1337 1366 1394 1419 fr.
1413 1365 1509 1408 hist.
1539 1364 1618 1407 Gr.
1639 1363 1718 1406 IV
1731 1379 1780 1418 p.
1799 1362 1907 1416 439).

166 1434 249 1476 102
280 1439 358 1477 GN.
398 1439 614 1475 LEPIDVS
661 1466 700 1476 ..
719 1466 728 1476 .
775 1432 912 1476 Silani
959 1467 997 1476 ..
1015 1467 1025 1476 .
1045 1467 1054 1476 .
1100 1435 1209 1476 Iusti
1252 1433 1324 1476 An
1342 1467 1351 1476 .
1370 1466 1407 1476 ..
1426 1466 1435 1475 .
1483 1439 1606 1489 pater
1646 1435 1674 1474 t.
1717 1432 1982 1486 Sayuntinus

250 1502 313 1544 II
333 1504 457 1545 3838.

277 1571 350 1615 M'.
379 1577 624 1613 AEMILIVS
654 1577 883 1616 LEPIDVS.

278 1646 332 1682 M.
362 1646 605 1682 AEMILIVS
635 1646 862 1682 LEPIDVS.

278 1714 505 1751 PAVLLVS
534 1714 780 1750 AEMILIVS
807 1714 1036 1750 LEPIDVS.

280 1783 324 1828 Q.
355 1782 600 1819 AEMILIVS
630 1783 858 1821 LEPIDVS.

280 1851 322 1887 C.
353 1851 540 1888 ANNIVS
570 1851 784 1888 LEPIDVS
815 1852 1131 1888 MARCELLVS.

282 1913 434 1957 Catius
463 1913 670 1970 Lepidus.

98 2020 107 2027 .
175 2007 234 2013 -
276 1989 321 2026 L.
352 1989 531 2025 FABIVS
563 1989 677 2025 CILO
710 1989 1011 2026 SEPTIMINVS
1043 1990 1276 2026 GATINIVS
1307 1990 1551 2026 ACILIANV
1553 1990 1577 2026 S
1608 1989 1822 2025 LEPIDVS
1864 1990 1980 2024 FVL-

122 2061 132 2063 ⁴
252 2057 502 2095 CINIANVS.

179 2143 235 2150 —-
280 2125 322 2161 G.
354 2126 521 2161 IVLIVS
552 2126 766 2162 LEPIDVS
798 2126 1106 2163 TERTVLLVS.

180 2213 236 2244 έ-
281 2223 291 2232 .
310 2221 320 2230 .
350 2194 601 2231 LABERIVS
628 2196 681 2231 IV
698 2222 708 2231 .
725 2222 736 2232 .
755 2222 764 2232 .
782 2222 793 2232 .
826 2189 1100 2245 [GO]CCE1VS
1132 2197 1348 2233 LEPIDVS
1380 2189 1681 2246 PROC[VLVS].

180 2282 237 2287 —
280 2257 524 2312 [L]ARCIVS
554 2264 783 2300 LEPIDVS.

180 2349 239 2355 —
282 2333 329 2368 A.
360 2331 575 2368 LARCIVS
602 2332 829 2368 LEPIDVS.

179 2419 236 2425 -
278 2402 326 2436 A.
356 2399 572 2436 LARCIVS
598 2400 813 2437 LEPIDVS
844 2401 1142 2440 PLARIANVS.

180 2488 238 2494 —
283 2496 293 2506 .
311 2495 347 2505 ..
378 2468 592 2505 LARCIVS
622 2469 837 2506 LEPIDVS
868 2464 1119 2519 [EGRILIVS
1132 2463 1170 2519 ‘?]
1202 2470 1500 2507 PLARIANVS.

181 2557 236 2562 -—
279 2532 330 2574 L.
363 2531 629 2586 (Lucretius)
659 2531 866 2588 Lepidus.

179 2624 237 2629 —
281 2605 324 2642 C.
350 2605 538 2641 MATIVS
560 2599 642 2652 (vel
666 2601 906 2655 MATTIVS)
934 2607 1162 2644 SABINIVS
1184 2607 1426 2644 SVLLINVS
1447 2608 1756 2644 VATINIANVS
1778 2607 1980 2644 ANICIVS

251 2674 482 2710 MAXIMVS
513 2674 841 2712 OAESVLENVS
872 2676 1148 2713 MARTIALIS
1179 2677 1439 2713 PISIBANVS
1469 2677 1697 2712 LEPIDVS.

174 2738 254 2779 103
285 2737 428 2793 Lepos
458 2738 614 2780 mimus
643 2738 801 2781 Horat.
831 2742 912 2781 sat.
943 2743 987 2790 2,
1022 2743 1060 2790 6,
1094 2743 1163 2790 72,
1195 2741 1258 2782 sic
1287 2739 1541 2796 appellatus,
1574 2738 1689 2795 quod
1723 2738 1910 2781 iucunde
1941 2747 1983 2782 et

252 2805 437 2848 molliter
467 2813 510 2849 et
538 2806 716 2849 saltaret
745 2813 788 2850 et
812 2807 1086 2864 eloqueretur
1106 2808 1359 2863 Porphyrio,
1382 2815 1534 2863 gratus
1556 2808 1732 2851 Caesari
1755 2807 1980 2850 Ps.-Acro.

172 2875 252 2916 104
281 2874 513 2917 Lesbocles
543 2875 844 2931 Mytilenaeas,
878 2876 1037 2928 rhetor,
1069 2877 1263 2934 aequalis
1294 2876 1523 2920 Strabonis
1546 2877 1705 2920 Strabo
1732 2880 1785 2918 13
1806 2891 1854 2930 p.
1878 2879 1961 2918 617
1969 2890 1981 2926 ;

253 2943 417 2987 Seneca
445 2958 559 2987 suas.
581 2948 625 2996 2,
646 2948 711 2996 15,
742 2949 873 2990 contr.
895 2949 933 2997 1,
955 2949 995 2997 8,
1017 2949 1083 2989 15.

172 3012 251 3054 105
282 3011 516 3054 Lesbonax
546 3013 847 3069 Mytilenaeus,
880 3021 1003 3071 pater
1033 3015 1282 3057 Potamonis
1309 3015 1426 3057 tituli
1450 3015 1534 3070 filii
1559 3013 1630 3068 (ef.
1653 3015 1729 3056 sub
1750 3013 1839 3064 hoe,
1862 3014 1982 3066 infra

253 3080 298 3122 P
323 3080 434 3134 675),
466 3081 747 3138 philosophus
778 3086 807 3126 t.
828 3084 1007 3126 Lesbius
1030 3084 1121 3139 eph.
1144 3099 1206 3138 ep.
1227 3088 1260 3127 2
1279 3099 1327 3138 p.
1350 3087 1403 3125 11
1431 3098 1473 3126 n.
1496 3083 1607 3134 VII;
1632 3095 1827 3125 nummus
1848 3081 1980 3135 Myti-

255 3147 436 3199 lenaeus,
469 3164 538 3204 ap.
562 3150 760 3194 Mionnet
783 3152 921 3206 suppl.
948 3152 1018 3195 VI
1024 3167 1074 3207 p.
1096 3156 1150 3195 64
1177 3167 1219 3195 n.
1241 3155 1317 3203 835
1348 3152 1510 3195 Suidas
1538 3166 1572 3194 s.
1603 3166 1639 3193 v.
1699 3150 1868 3192 Floruit
1897 3151 1980 3206 (γε-

253 3217 398 3273 γονώς)
419 3217 500 3259 sub
521 3217 742 3272 August03
770 3220 945 3276 scripsit
972 3219 1109 3263 multa
1138 3221 1382 3275 argumenti
1404 3219 1687 3275 philosophici
1709 3217 1869 3261 Suidas
1888 3231 1921 3260 s.
1943 3231 1980 3259 v.

258 3283 360 3326 Non
388 3283 594 3339 Auyusti,
625 3285 699 3328 sed
725 3286 888 3329 ultimis
916 3287 1076 3330 liberae
1105 3289 1170 3331 rei
1189 3288 1393 3342 publicae
1423 3288 1679 3341 temporibus
1710 3301 1801 3329 eum
1831 3286 1984 3328 vixisse

251 3351 416 3395 videtur
453 3352 596 3408 colliqi
630 3367 758 3408 posse
798 3369 849 3398 ex
889 3356 944 3398 iis
981 3370 1087 3410 quae
1128 3356 1360 3399 traduntur
1402 3356 1452 3398 de
1492 3356 1724 3398 Potamone
1763 3355 1879 3410 filim·
1925 3354 1979 3408 cf.
