2202 3724
142 267 311 337 ‚ff

232 294 245 305 .
262 295 271 305 .
291 295 300 304 .
319 295 328 305 .
345 268 406 304 VS
1006 265 1086 307 311
1771 273 1948 309 MACER

995 511 1084 591 M

171 665 190 706 l
227 697 345 708 .....
385 672 459 707 MA
477 698 487 708 .
506 698 515 707 .
535 698 544 708 .
563 671 647 708 .VS
694 665 855 720 (potest
896 667 1028 721 fuisse
1070 668 1312 723 Macrinus)
1357 684 1383 711 a
1426 669 1494 712 Ti.
1536 669 1718 713 Claudio
1763 671 1950 715 Caesare

225 731 424 787 Augusto
465 734 722 777 Germanico
764 749 941 777 censore
980 737 1038 791 (a.
1068 736 1186 790 4'7l8)
1227 737 1420 780 adlectus
1460 739 1504 780 in
1540 745 1735 782 senatum
1766 746 1808 782 et
1837 740 1950 782 inter

224 800 482 844 tribunicios
510 801 670 844 relatus
701 802 756 845 ab
787 803 948 858 eodem,
981 803 1170 846 adscitus
1201 806 1243 846 in
1275 820 1503 848 numerum
1533 806 1735 849 saliorum
1757 807 1877 862 (haee
1903 809 1950 850 in

224 871 253 911 t.
281 873 559 920 evanuerunt,
591 869 803 925 descripta
830 884 938 915 saec.
970 871 1124 914 XVII
1146 886 1174 914 a
1201 872 1435 927 Caldoyno)
1467 877 1494 916 t.
1527 874 1738 918 Vr'eetinas
1770 874 1813 918 V
1827 878 1947 919 3317.

222 937 366 979 Mater
390 937 566 981 Salonia
594 938 652 980 ib.

166 1007 191 1048 2
222 1005 415 1060 Macedo,
449 1006 714 1063 temporibus
737 1007 993 1063 Vespasiani
1015 1023 1041 1051 a
1060 1009 1346 1052 creditoribus
1368 1025 1541 1066 pressus
1571 1013 1739 1068 parenti
1770 1012 1948 1055 insidias

222 1075 382 1116 struxit
421 1074 605 1130 (patrem
642 1075 878 1129 interfecit3
919 1077 1042 1118 cuius
1081 1078 1143 1119 rei
1185 1092 1345 1133 poenas
1385 1078 1505 1121 dedit
1537 1079 1793 1133 Theophilus
1832 1084 1948 1124 ante-

222 1155 360 1184 cessor
378 1143 520 1185 Instit.
536 1146 575 1192 4,
594 1146 631 1193 7,
650 1143 718 1196 7);
740 1143 855 1186 unde
876 1159 932 1186 ex
952 1146 1207 1189 auctoritate
1228 1147 1486 1202 Vespasiani
1507 1155 1681 1190 senatus
1703 1148 1947 1191 consultum

223 1209 399 1263 factum,
432 1224 517 1266 quo
547 1210 814 1266 prohibitum
846 1218 923 1263 est,
959 1227 1014 1254 ne
1044 1212 1132 1255 filio
1163 1213 1349 1256 familias
1379 1221 1529 1257 mutua
1556 1217 1742 1271 pecunia
1771 1217 1949 1259 daretur

219 1278 433 1332 Ulpianus
461 1277 564 1332 Diy.
584 1282 650 1329 14,
673 1282 711 1330 6,
733 1283 760 1321 1
790 1280 846 1333 ef.
876 1280 992 1324 Suet.
1026 1281 1143 1336 Vesp.
1163 1285 1228 1325 11.
1274 1282 1434 1337 Agitur
1463 1283 1517 1324 de
1548 1290 1722 1326 senatus
1752 1284 1946 1327 consulto

218 1346 533 1389 Macedoniano
563 1354 788 1403 praeterea
817 1348 924 1391 Inst.
955 1353 995 1399 4,
1020 1353 1056 1400 7,
1079 1353 1106 1392 7
1116 1363 1130 1401 ,·
1160 1350 1325 1392 Paulus
1353 1355 1456 1395 sent.
1477 1355 1521 1402 2,
1543 1355 1621 1403 10,-
1651 1353 1737 1396 cod.
1767 1353 1945 1407 Greyor.

217 1417 257 1465 3,
278 1417 330 1466 8;
359 1415 448 1457 eod.
480 1415 586 1458 Iast.
606 1419 646 1466 4,
668 1419 751 1467 263,-
779 1421 1037 1460 memoratur
1065 1417 1168 1473 Diy.
1190 1422 1262 1469 12,
1285 1422 1323 1469 6,
1343 1422 1414 1470 26,
1436 1423 1476 1462 9.

163 1483 190 1525 3
219 1482 398 1525 Macedo
431 1483 723 1540 philosophus,
755 1486 919 1527 amicus
951 1485 1082 1530 Gellii
1111 1486 1221 1529 Gell.
1241 1501 1283 1531 n.
1305 1486 1361 1530 A.
1383 1490 1449 1538 13,
1471 1490 1511 1538 8,
1532 1492 1573 1530 4.

160 1551 188 1593 4
217 1551 398 1594 Macedo
438 1551 737 1605 (Macedonius
781 1554 854 1596 vit.
891 1554 1059 1609 Mam),
1108 1556 1429 1610 sagittariorum
1475 1555 1800 1606 Osrhoenorum
1843 1558 1944 1615 dux,

217 1619 479 1672 Quartinum
516 1621 684 1675 (Titum
722 1622 795 1664 vit.
838 1623 985 1678 Max.)
1025 1638 1153 1680 quem
1201 1624 1245 1666 hi
1296 1626 1600 1681 imperatorem
1639 1625 1943 1685 salutaverant,

218 1687 392 1743 occidit,
430 1688 586 1731 deinde
626 1689 718 1745 ipse
757 1705 784 1732 a
821 1690 1060 1734 Maximino
1099 1693 1356 1735 interficitur
1385 1693 1659 1737 Herodianus
1689 1698 1727 1745 7,
1761 1698 1800 1746 1,
1832 1698 1946 1738 9-11

217 1754 332 1808 (inde
359 1757 431 1798 vit.
464 1756 695 1800 Maximin.
722 1758 808 1812 11).

130 1848 187 1853 —
217 1823 268 1866 Τ.
300 1823 557 1867 Caesernius
590 1824 786 1868 Macedo.

129 1917 186 1921 —
216 1899 258 1934 T.
291 1898 604 1935 CAESERNIVS
636 1900 842 1937 STATIVS
876 1901 1142 1946 QVINOTIVS
1179 1903 1388 1940 MACEDO
1421 1906 1770 1950 QVINCTIANVS.

130 1985 187 1990 —
218 1960 285 2002 Ti.
317 1960 524 2003 Claudius
557 1961 832 2005 Secundinus
861 1964 913 2007 L.
945 1964 1111 2007 Statius
1141 1965 1337 2010 Macedo.

105 2053 184 2077 f—
214 2035 428 2071 LARGIVS
456 2035 680 2072 MACEDO.

131 2122 188 2127 —
215 2105 261 2140 A.
293 2103 506 2140 LARCIVS
535 2104 758 2142 MACEDO.

127 2190 183 2195 —-
214 2170 411 2208 OFILIVS
440 2172 665 2210 MACEDO.

128 2256 185 2263 ——
215 2233 268 2286 Q.
299 2234 501 2277 Valerius
529 2235 726 2279 Macedo.

127 2327 184 2332 —
215 2335 224 2344 .
243 2335 252 2344 .
271 2335 280 2344 .
300 2335 310 2344 .
326 2309 439 2345 LIVS
470 2310 721 2347 VALERIVS
756 2311 980 2347 MACEDO.

126 2395 184 2400 —
213 2371 492 2413 Macedonius
522 2387 560 2415 v.
590 2372 773 2415 Macedo
804 2373 960 2434 (suprad
982 2388 1024 2417 n.
1054 2375 1112 2429 4).

155 2440 181 2481 5
211 2445 387 2481 MACER
416 2440 648 2496 proconsul
678 2442 881 2484 Baeticae
911 2449 1012 2485 ante
1043 2443 1302 2487 Instantium
1335 2445 1496 2487 Rufum
1528 2446 1667 2488 Mart.
1690 2450 1759 2498 12,
1782 2450 1848 2492 98.

155 2514 182 2555 6
211 2519 388 2555 MACER
417 2513 584 2569 legatus
614 2514 884 2558 Dalmatiae:
925 2517 981 2559 ad
1013 2532 1111 2559 eum
1141 2533 1239 2560 cum
1280 2520 1326 2560 in
1356 2520 1625 2574 provinciam
1657 2521 1943 2577 proficiscitur

212 2580 362 2623 datum
382 2597 555 2624 carmen
575 2583 775 2626 Martial.
792 2587 860 2635 10,
880 2587 944 2629 78.
977 2584 1254 2628 Abstinentia
1275 2587 1368 2628 eius
1388 2586 1593 2630 laudatur
1612 2590 1669 2631 ib.
1685 2603 1719 2632 v.
1739 2593 1771 2632 2
1785 2603 1866 2644 seq.
1889 2616 1940 2620 —-

210 2649 330 2692 Idem
357 2650 522 2692 videtur
551 2650 700 2693 Macer
739 2653 863 2694 cuius
903 2653 1163 2709 probitatem
1195 2654 1384 2697 celebrat
1412 2656 1613 2699 Martial.
1644 2660 1683 2708 5,
1712 2661 1783 2708 28,
1814 2662 1854 2701 5.
1883 2684 1942 2689 —

210 2717 436 2761 Diversum
466 2720 519 2762 ab
551 2734 597 2762 eo
627 2721 702 2774 qai
720 2721 944 2775 praeeedit
971 2722 1137 2765 iudicat
1157 2723 1314 2766 Stobbe
1339 2725 1457 2778 apud
1473 2725 1763 2768 Friedlander
1784 2726 1941 2769 Sitten-

207 2786 438 2840 9esehichte
465 2788 522 2829 3⁵
546 2802 595 2842 p.
616 2792 710 2832 447.

154 2854 178 2896 7
209 2860 406 2897 MACER:
453 2870 551 2898 eum
597 2864 853 2914 occupatum
898 2858 1092 2914 legendis
1136 2867 1396 2903 ‘mensorum
1445 2861 1616 2904 libellis‘
1665 2862 1939 2919 interpellare

210 2923 363 2965 iocosis
384 2924 649 2967 carminibus
668 2933 844 2968 veretur
866 2927 1090 2982 Martialis,
1114 2943 1326 2985 quaerens
1352 2930 1457 2986 quid
1478 2930 1622 2987 Appia
1644 2931 1750 2984 (via)
1773 2931 1940 2973 factura

210 2993 276 3044 sit,
309 2993 344 3033 si
379 2992 527 3034 Macer
556 2994 637 3035 ista
667 2993 785 3049 legat
815 2995 954 3038 Mart.
979 2999 1045 3047 10,
1070 3001 1134 3039 17.
1193 2997 1399 3040 Fortasse
1430 3002 1604 3041 curator
1631 3000 1726 3041 viae
1754 2999 1936 3054 Appiae,

207 3073 282 3102 nec
312 3059 499 3103 diversus
529 3062 586 3104 ab.
614 3076 660 3104 eo
689 3063 763 3116 qui
780 3064 1015 3117 praecedit.

71 3119 73 3122 ¹
152 3128 178 3169 8
211 3134 403 3170 ...CIVS
434 3161 558 3172 .....
591 3136 767 3172 MACER
796 3131 1028 3188 [quaestor‚
1060 3133 1260 3176 tribunus
1289 3134 1421 3190 p]leb.
1453 3134 1721 3189 candidatus,
1756 3135 1935 3189 [iuridi]-

210 3210 284 3238 cus
315 3211 394 3252 per
422 3230 544 3251 .....
579 3197 784 3254 [pra]etor
811 3200 1097 3255 fraymentam
1114 3202 1314 3256 Aquinas
1333 3202 1458 3244 semel
1478 3202 1729 3256 descriptum
1748 3203 1798 3244 X
1812 3206 1935 3245 5397.

152 3265 179 3305 9
209 3264 377 3318 Macer,
420 3266 583 3307 amicus
624 3266 686 3320 (et
712 3266 895 3310 fortasse
925 3271 1250 3325 conterraneus)
1281 3270 1434 3324 Plinii,
1476 3270 1531 3311 ad
1561 3285 1688 3326 quem
1719 3271 1839 3314 Plin.
1871 3285 1934 3325 ep.

207 3335 244 3383 6,
267 3336 336 3376 24.
386 3332 592 3376 Fortasse
619 3333 879 3389 Caspurm'us
910 3337 1074 3389 Macer,
1103 3339 1162 3381 ad
1188 3353 1307 3393 quem
1334 3338 1452 3382 Ptin.
1475 3353 1536 3392 ep.
1562 3341 1602 3388 5,
1623 3341 1691 3381 18.
