2202 3724
302 307 466 342 IVLIVS
1164 297 1248 338 210
1933 301 2098 336 IVLIVS

385 438 544 478 stanter
572 434 818 476 collocatam
840 435 940 486 post
969 432 1075 474 Iulii·
1102 445 1262 481 nomen,
1293 445 1377 473 non
1398 435 1499 486 post
1527 431 1680 485 Antii).
1711 435 1763 474 19
1792 432 1883 486 (abi
1909 430 2014 474 Auli
2043 431 2100 476 fil.

386 505 586 545 insertam
626 504 684 543 est
722 502 833 542 iuter
860 500 968 541 Auli
995 513 1258 554 praenomen
1296 503 1334 541 et
1375 499 1482 541 Ialii
1517 502 1707 556 nomen);
1747 499 1824 554 [Ἀ.
1862 499 2100 554 Ἰου]λίου(ἱ))

386 586 440 613 se.
473 571 553 616 υἱός
584 573 611 611 t.
633 572 700 611 18.
761 567 900 610 Tribu
931 567 1124 609 Voltinia
1154 570 1182 609 t.
1209 571 1262 609 19
1292 568 1346 621 ef.
1370 570 1397 609 t.
1419 571 1484 609 16.
1514 593 1570 597 —
1601 568 1782 622 Origine
1811 569 2102 622 Pergamenus

387 642 414 681 t.
436 642 490 680 18
520 638 642 689 (idem
671 637 834 678 indicat
857 635 1071 677 Aristides
1091 635 1125 677 I
1139 650 1186 689 p.
1208 638 1287 677 116
1318 638 1357 677 et
1377 639 1605 689 praeterea
1633 635 1854 678 multitado
1886 636 2103 679 titulorum

388 707 474 748 eius
505 705 706 759 Peryami
733 703 1025 758 repertorum).

472 773 612 814 Primi
628 772 805 814 honores
826 786 910 814 non
929 774 1239 822 memorantum
1269 772 1451 824 fortasse
1482 786 1509 813 a
1540 771 1796 826 Vespasiano
1827 771 2013 814 adlectus
2044 776 2104 815 est

386 842 431 883 iii
460 845 649 883 senatum
679 844 718 882 et
750 841 859 882 inter
876 839 1121 894 praetorios
1151 839 1359 894 (Wadd).
1406 839 1567 882 Romae
1597 840 1708 882 inter
1737 840 1890 882 fratres
1921 839 2102 882 Arvales

388 910 509 952 adest
547 924 584 952 a.
622 909 688 951 78.
730 909 798 950 86.
839 908 906 951 87.
948 908 1003 950 89
1040 911 1118 951 act.
1160 907 1264 951 Arv.
1307 906 1377 961 (ef.
1419 907 1566 962 infra).
1607 932 1661 939 -—
1701 909 1892 963 Legatus
1932 924 1998 965 pr.
2038 924 2102 965 pr.

389 979 470 1031 (καὶ
500 979 799 1034 ἀντιστράτηγος
831 990 906 1020 orn.
940 979 966 1018 t.
996 976 1071 1030 21)
1103 976 1352 1031 provinciae
1383 976 1508 1018 Ponti
1536 982 1578 1018 et
1604 976 1836 1033 Bithyniae
1868 981 1895 1021 t.
1927 981 1967 1019 3.
1994 981 2033 1020 4.
2063 980 2103 1020 5.

387 1050 451 1088 16.
479 1050 544 1088 17.
573 1050 639 1090 19.
670 1049 740 1088 21.
773 1070 820 1074 —
843 1045 1034 1099 Legatus
1060 1059 1137 1101 pro
1169 1059 1233 1100 pr.
1262 1044 1579 1102 (ἀντιστράτηγος
1608 1044 1762 1087 habent
1786 1045 1868 1087 soli
1896 1049 1923 1089 t.
1945 1049 2010 1088 16.
2033 1045 2104 1099 19)

387 1113 517 1155 Asiae
540 1114 690 1162 iterum
710 1116 736 1154 t.
753 1116 792 1154 3.
808 1116 847 1155 4.
864 1115 903 1155 5.
920 1116 985 1156 16.
1003 1116 1059 1155 17
1072 1111 1163 1164 (abi
1178 1114 1234 1159 δὶς
1248 1112 1496 1154 vocabulum
1511 1112 1665 1167 deficit)
1681 1116 1747 1157 19.
1765 1117 1834 1158 21.
1850 1138 1900 1145 —
1915 1114 2104 1168 Legatus

386 1182 572 1236 Augusti
603 1182 920 1240 (ἀντιστράτηγος
949 1195 1026 1223 om.
1059 1181 1175 1223 tituli
1201 1181 1356 1236 omnes)
1382 1181 1628 1237 provinciae
1650 1180 1950 1238 Cappadociae
1969 1182 2105 1239 (πρεσ-

390 1252 529 1307 βευτὴς
545 1250 746 1307 Σεβαστοῦ
773 1251 965 1307 ἐπαρχίας
991 1251 1278 1296 Καππαδοκίας
1299 1253 1326 1292 t.
1348 1253 1413 1299 17,
1445 1251 1688 1307 πρεσβευτὴς
1717 1250 1919 1307 Σεβαστοῦ
1947 1250 2010 1293 vel
2037 1255 2106 1294 τοῦ

389 1319 481 1375 Σεβ.
508 1320 722 1375 ἐπαρχείας
743 1317 1051 1374 Καππαδοκικῆς
1072 1321 1099 1359 t.
1120 1321 1159 1360 3.
1181 1321 1219 1360 4.
1240 1321 1279 1361 5.
1305 1321 1375 1368 21,
1404 1319 1646 1375 πρεσβευτὴς
1670 1318 1871 1375 Σεβαστοῦ
1892 1320 2106 1376 ἐπαρχείας

390 1387 703 1451 [Καππαδοκίας]
726 1387 922 1433 Γαλατίας
941 1387 1113 1443 Φρυγίας
1135 1386 1324 1440 [Πισιδίας
1342 1385 1575 1443 Ἀντι]οχίας
1588 1385 1795 1443 Ἀρμενίας
1812 1387 1979 1444 μ[ικρᾶς]
1998 1390 2025 1429 t.
2038 1387 2107 1442 16)

390 1458 418 1497 t.
429 1458 468 1496 3.
484 1458 522 1497 4.
538 1457 577 1497 5.
594 1449 658 1499 16.
675 1458 741 1498 17.
758 1458 823 1497 19.
841 1458 910 1497 21.
931 1453 1156 1508 (Leyatum
1173 1453 1480 1511 Cappadociae·
1492 1452 1755 1507 Quadratum
1773 1456 1905 1509 faisse
1923 1455 2108 1498 ‘nondam

390 1523 596 1565 consulem
627 1523 770 1577 eolliyi
789 1526 931 1576 potest
958 1525 1064 1566 ext.
1096 1522 1179 1575 19).
1211 1547 1267 1551 —
1309 1522 1545 1564 Proconsul
1576 1522 1731 1565 Cretae
1762 1529 1804 1565 et
1837 1522 2108 1579 Cyrenarum

390 1595 418 1633 t.
446 1594 486 1632 3.
515 1594 553 1633 4.
583 1594 622 1633 5.
652 1594 716 1632 16.
748 1594 801 1632 17
830 1591 923 1644 (abi
951 1589 1113 1647 Κύπρου
1145 1590 1331 1632 traditur
1359 1604 1444 1644 pro
1474 1591 1689 1648 Κυρήνης).
1725 1593 1795 1634 21.
1829 1616 1879 1621 —
1917 1591 2108 1647 Legatus

388 1659 576 1713 Augusti
598 1674 674 1715 pro
697 1674 760 1715 pr.
784 1659 946 1714 Lyciae
967 1665 1009 1700 et
1029 1658 1314 1714 Pamphyliae
1345 1661 1372 1700 t.
1403 1662 1442 1700 3.
1473 1662 1511 1700 5.
1539 1662 1603 1702 13.
1625 1662 1691 1701 17.
1712 1662 1770 1702 21
1791 1660 1854 1715 (iri
1873 1659 1949 1702 hoe
1970 1663 1998 1702 t.
2021 1660 2109 1703 loeo

387 1742 471 1769 vimi
491 1741 578 1777 sao,
601 1728 710 1769 inter
733 1727 959 1781 leyationes
978 1726 1112 1768 Asiae
1133 1730 1171 1768 et
1193 1726 1564 1781 Cappadocieam).
1604 1727 1686 1769 His
1705 1742 1863 1782 qaoque
1881 1728 2109 1771 honoribus

395 1795 659 1848 Quadratum
689 1796 879 1849 functam
910 1808 994 1837 esse
1015 1798 1111 1836 ante
1131 1794 1390 1837 consulatum
1403 1795 1630 1849 probabile
1651 1799 1722 1838 est.
1743 1819 1792 1824 -
1821 1795 1984 1839 Consul
2015 1799 2043 1839 t.
2068 1800 2108 1839 1.

389 1867 431 1906 2.
453 1867 522 1914 21,
545 1864 748 1905 suffectus
770 1878 915 1904 mense
936 1862 1015 1905 Iul.
1039 1878 1075 1904 a.
1089 1863 1144 1904 93
1165 1877 1260 1904 eum
1282 1863 1340 1904 M.
1360 1863 1498 1904 Lollio
1520 1863 1717 1905 Paullino
1734 1863 1902 1907 Valerio
1917 1863 2108 1907 Asiatico

392 1932 622 1974 Saturnino
645 1931 746 1985 dipl.
772 1931 858 1975 mil.
881 1930 985 1983 (III
1000 1934 1175 1986 11859).
1201 1956 1258 1961 —-
1284 1931 1474 1985 Legatus
1499 1946 1577 1987 pro
1598 1946 1660 1987 pr.
1684 1933 1784 1988 imp.
1807 1932 1984 1974 Traiani
2013 1947 2109 1990 pro·

390 2001 560 2042 vinciae
587 2001 739 2057 Syriae
771 2001 1030 2058 (πρεσβευτὴς
1064 2032 1164 2042 .....
1195 2001 1410 2056 ἐπαρχείας
1437 2000 1579 2056 Συρίας
1610 2003 1637 2041 t.
1662 2003 1701 2042 3.
1726 2003 1764 2044 5.
1781 2004 1847 2050 17,
1869 2002 2110 2059 πρεσβευτὴς

391 2100 521 2111 ......
553 2069 695 2126 Συρίας
724 2069 928 2125 Φοινείκης
953 2069 1224 2125 Κομμαγήνης
1255 2071 1282 2111 t.
1309 2069 1357 2122 2)
1391 2071 1418 2109 t.
1440 2071 1484 2111 2.
1513 2071 1553 2110 3.
1576 2071 1615 2110 5.
1643 2071 1681 2112 6.
1703 2071 1768 2110 16.
1791 2071 1856 2112 17.
1903 2068 2110 2124 (Legatus

394 2154 471 2194 pro
503 2155 565 2195 pr.
599 2139 699 2194 imp.
732 2137 907 2179 Traiani
937 2137 1080 2194 Συρίας
1111 2137 1190 2192 [καὶ
1218 2136 1391 2191 πολλῶν]
1424 2137 1556 2180 ἄλλων
1588 2138 1810 2194 ἐπαρχειῶν
1841 2140 1870 2179 t.
1901 2138 2110 2192 Ephesius

390 2207 527 2250 Greek
546 2208 671 2249 inser.
694 2207 739 2247 iii
760 2205 825 2247 the
848 2205 1013 2247 Rritish
1039 2205 1236 2247 Illaseam
1255 2208 1283 2246 3
1303 2219 1351 2259 p.
1374 2207 1459 2246 187
1483 2219 1526 2247 n.
1545 2207 1638 2255 538,
1671 2205 1908 2260 acephalus,
1931 2210 2111 2261 propter

392 2276 501 2317 hane
523 2275 678 2329 Syriae
708 2277 746 2316 et
767 2273 951 2315 aliarum
974 2273 1226 2327 leyatiomim
1245 2273 1493 2315 mentionem
1514 2273 1572 2314 ad
1589 2272 1645 2315 A.
1667 2273 1826 2315 Iuliam
1847 2274 2111 2327 Quadratum

393 2344 552 2386 relatas
583 2344 636 2385 ab
668 2342 876 2395 Hieksio).
901 2366 956 2370 —
976 2341 1139 2384 Consul
1160 2342 1315 2383 iterum
1347 2344 1375 2383 t.
1401 2343 1440 2383 5.
1471 2344 1536 2382 17.
1568 2344 1633 2383 18.
1663 2344 1733 2384 24.
1764 2345 1834 2392 26,
1864 2342 2110 2386 ordinarius

394 2428 431 2456 a.
458 2413 536 2454 105
567 2426 666 2453 eum
693 2411 758 2455 Ti.
782 2409 892 2452 Iulio
923 2409 1118 2452 Candido
1149 2409 1287 2451 Mario
1323 2408 1448 2452 Celso
1480 2410 1595 2463 fasti.
1626 2434 1685 2440 —
1713 2409 1951 2453 Proconsul
1981 2410 2111 2454 Asiae

392 2480 575 2530 namma,
606 2483 633 2521 t.
664 2482 702 2521 5.
734 2482 791 2522 17
815 2479 869 2532 ef.
902 2481 929 2520 t.
956 2482 1031 2528 16;
1066 2478 1229 2520 videtur
1253 2477 1485 2531 proconsul
1522 2478 1653 2531 faisse
1688 2478 1803 2520 circa
1843 2493 1883 2521 a.
1913 2482 2016 2530 106,
2057 2480 2111 2533 cf.

395 2548 678 2602 Waddiriyton
719 2547 744 2589 l.
784 2561 816 2589 e.
851 2571 899 2577 -
933 2546 1178 2603 Septemvir
1213 2545 1444 2602 epulonum
1484 2549 1511 2589 t.
1543 2549 1581 2587 1.
1612 2549 1656 2589 2.
1693 2549 1732 2590 5.
1764 2549 1828 2589 16.
1859 2550 1926 2589 17.
1955 2550 2026 2591 21.
2056 2571 2113 2576 -

395 2617 548 2658 Frater
580 2615 754 2657 Arvalis
787 2619 813 2657 t.
846 2619 884 2659 1.
914 2618 957 2658 2.
987 2619 1026 2658 4.
1057 2617 1094 2658 5.
1127 2617 1192 2656 16.
1223 2617 1290 2656 17.
1321 2617 1402 2665 21;
1436 2613 1576 2656 adfuit
1605 2610 1717 2656 inter
1746 2614 1900 2657 fratres
1930 2614 2113 2658 Arvales

395 2701 432 2727 a.
461 2684 527 2727 76.
561 2684 628 2726 86.
665 2684 731 2727 87.
764 2684 818 2725 89
851 2689 892 2725 et
922 2689 1143 2739 praeterea
1182 2683 1326 2724 nescio
1357 2696 1441 2738 quo
1479 2697 1590 2723 anno
1631 2682 1710 2724 sub
1741 2682 1992 2726 Domitiano
2031 2686 2111 2726 act.

394 2753 497 2794 Arv.
537 2752 652 2804 (iiam
691 2752 756 2793 his
795 2751 896 2794 loeis
926 2754 1115 2794 actorum
1143 2751 1382 2805 siqnificari
1409 2750 1541 2792 aliam
1568 2750 1624 2794 A.
1655 2750 1815 2792 Iuliam
1849 2751 2114 2804 Quadratum

395 2834 479 2862 riori
508 2823 566 2861 est
587 2819 824 2874 probabile,
858 2820 912 2873 ef.
938 2819 1129 2861 Frankel
1159 2819 1184 2861 l.
1219 2832 1252 2860 e.
1270 2833 1319 2872 p.
1341 2820 1458 2874 299),
1502 2833 1650 2860 rursus
1670 2833 1709 2860 a.
1732 2819 1812 2862 105
1835 2822 1915 2861 aet.
1937 2818 2040 2863 Are.
2057 2843 2114 2848 -—

395 2888 572 2930 Amicus
604 2887 846 2943 appellatur
875 2903 901 2929 a
932 2888 1118 2929 Traiano
1150 2890 1178 2928 t.
1204 2890 1278 2930 22.
1302 2910 1355 2915 -
1375 2886 1670 2940 Pergamenae
1701 2886 1819 2928 urbis
1853 2887 1975 2943 quasi
2004 2885 2114 2928 alter

396 2955 591 2998 eonditor
610 2956 823 2998 Aristides
855 2959 962 2998 orat.
984 2955 1031 2997 X
1055 2954 1252 3009 (Ἀπελλᾶ
1281 2954 1547 3010 γενεθλιακός,
1578 2954 1612 2997 Ι
1621 2969 1670 3008 p.
1692 2958 1771 2997 116
1799 2954 1860 2999 ed.
1882 2954 2113 3010 Dindorf).

398 3025 449 3066 In
491 3023 695 3065 honorem
733 3023 882 3080 templi
913 3025 1028 3066 Iovis
1067 3022 1259 3065 amicalis
1299 3029 1341 3065 et
1381 3022 1650 3078 imperatoris
1680 3023 1857 3065 Traiani
1897 3028 2114 3065 certamen

398 3091 717 3147 quinquennale
740 3092 937 3146 Pergami
959 3092 1182 3134 constituit
1208 3094 1235 3133 t.
1251 3093 1336 3141 22‚·
1358 3089 1444 3132 alia
1463 3089 1698 3133 liberalitas
1719 3091 1812 3132 eius
1833 3103 1937 3145 erga
1956 3091 2114 3145 Perga-

398 3174 544 3201 menos
574 3159 749 3201 videtur
779 3160 1006 3202 memorari
1038 3163 1065 3201 t.
1096 3162 1166 3203 24.
1203 3183 1258 3188 —
1298 3159 1494 3201 Proavus
1526 3158 1726 3214 Apellae,
1757 3159 1989 3201 Frontonis
2022 3157 2112 3212 filii,

399 3228 667 3281 Pergameni,
692 3229 815 3269 cuius
837 3227 968 3270 natali
991 3227 1205 3270 Aristides
1225 3226 1540 3282 genethliaeum
1562 3226 1712 3269 habuit
1730 3226 1944 3269 Aristides
1965 3226 1990 3271 l.
2008 3241 2042 3269 6.
2060 3253 2111 3258 -—

403 3296 525 3338 Servi
557 3295 628 3337 vel
658 3295 801 3337 liberti
833 3297 922 3338 eius
955 3299 981 3337 t.
1004 3300 1073 3339 23.
1104 3299 1174 3339 25.
1205 3300 1274 3345 26,
1307 3295 1488 3348 fortasse
1515 3295 1642 3336 etiam
1674 3295 1740 3337 VI
1751 3298 1903 3338 20650.

325 3389 381 3394 *-
426 3371 466 3407 Ρ.
498 3370 740 3406 MANILIVS
771 3370 1007 3406 VOPISCVS
1039 3367 1112 3406 Get.
1145 3370 1309 3405 IVLIVS
1339 3369 1635 3414 QVADRATVS
1666 3369 1860 3405 BASSVS.
