<?xml version="1.0" encoding="UTF-8"?>
<!DOCTYPE html PUBLIC "-//W3C//DTD XHTML 1.0 Transitional//EN"
    "http://www.w3.org/TR/xhtml1/DTD/xhtml1-transitional.dtd">
<html xmlns="http://www.w3.org/1999/xhtml" xml:lang="en" lang="en">
 <head>
  <title>
</title>
<meta http-equiv="Content-Type" content="text/html;charset=utf-8" />
  <meta name='ocr-system' content='tesseract 3.04.00' />
  <meta name='ocr-capabilities' content='ocr_page ocr_carea ocr_par ocr_line ocrx_word'/>
</head>
<body>
  <div class='ocr_page' id='page_1' title='image "./prosopographiaim02akaduoft_0238.png"; bbox 0 0 2202 3724; ppageno 0'>
   <div class='ocr_carea' id='block_1_1' title="bbox 280 247 2076 294">
    <p class='ocr_par' dir='ltr' id='par_1_1' title="bbox 280 247 2076 294">
     <span class='ocr_line' id='line_1_1' title="bbox 280 247 2076 294; baseline -0.004 0"><span class='ocrx_word' id='word_1_1' title='bbox 280 259 417 294; x_wconf 83' lang='lat' dir='ltr'>1VL1A</span> <span class='ocrx_word' id='word_1_2' title='bbox 1138 247 1221 289; x_wconf 84' lang='lat'>226</span> <span class='ocrx_word' id='word_1_3' title='bbox 1937 250 2076 288; x_wconf 78' lang='lat' dir='ltr'>1VL1A</span> 
     </span>
    </p>
   </div>
   <div class='ocr_carea' id='block_1_2' title="bbox 282 316 1198 326">
    <p class='ocr_par' dir='ltr' id='par_1_2' title="bbox 282 316 1198 326">
     <span class='ocr_line' id='line_1_2' title="bbox 282 316 1198 326; baseline 0 0"><span class='ocrx_word' id='word_1_4' title='bbox 282 316 1198 326; x_wconf 95' lang='lat' dir='ltr'> </span> 
     </span>
    </p>
   </div>
   <div class='ocr_carea' id='block_1_3' title="bbox 278 383 2092 2413">
    <p class='ocr_par' dir='ltr' id='par_1_3' title="bbox 364 383 2079 502">
     <span class='ocr_line' id='line_1_3' title="bbox 364 383 2079 439; baseline -0.002 -9"><span class='ocrx_word' id='word_1_5' title='bbox 364 387 546 430; x_wconf 89' lang='lat' dir='ltr'>tiochiae</span> <span class='ocrx_word' id='word_1_6' title='bbox 596 385 791 439; x_wconf 85' lang='lat' dir='ltr'>degeret,</span> <span class='ocrx_word' id='word_1_7' title='bbox 844 383 1076 436; x_wconf 88' lang='lat' dir='ltr'>Origenem</span> <span class='ocrx_word' id='word_1_8' title='bbox 1122 383 1280 424; x_wconf 82' lang='lat' dir='ltr'>arcessi</span> <span class='ocrx_word' id='word_1_9' title='bbox 1327 383 1473 438; x_wconf 81' lang='lat' dir='ltr'>iussit,</span> <span class='ocrx_word' id='word_1_10' title='bbox 1521 387 1570 425; x_wconf 88' lang='lat' dir='ltr'>ut</span> <span class='ocrx_word' id='word_1_11' title='bbox 1615 383 1707 424; x_wconf 87' lang='lat' dir='ltr'>eius</span> <span class='ocrx_word' id='word_1_12' title='bbox 1754 384 2079 427; x_wconf 79' lang='lat' dir='ltr'>conversatione</span> 
     </span>
     <span class='ocr_line' id='line_1_4' title="bbox 367 449 1671 502; baseline -0.004 -5"><span class='ocrx_word' id='word_1_13' title='bbox 367 456 583 497; x_wconf 87' lang='lat' dir='ltr'>frueretur</span> <span class='ocrx_word' id='word_1_14' title='bbox 611 452 767 495; x_wconf 84' lang='lat' dir='ltr'>Euseb.</span> <span class='ocrx_word' id='word_1_15' title='bbox 788 451 828 494; x_wconf 89' lang='lat' dir='ltr'>h.</span> <span class='ocrx_word' id='word_1_16' title='bbox 851 465 884 493; x_wconf 87' lang='lat' dir='ltr'>e.</span> <span class='ocrx_word' id='word_1_17' title='bbox 906 454 943 500; x_wconf 89' lang='grc'>6,</span> <span class='ocrx_word' id='word_1_18' title='bbox 965 453 1035 500; x_wconf 98' lang='grc'>21,</span> <span class='ocrx_word' id='word_1_19' title='bbox 1068 449 1315 496; x_wconf 87' lang='lat' dir='ltr'>Christiana</span> <span class='ocrx_word' id='word_1_20' title='bbox 1342 450 1460 494; x_wconf 81' lang='lat' dir='ltr'>Oros.</span> <span class='ocrx_word' id='word_1_21' title='bbox 1483 453 1522 502; x_wconf 89' lang='lat'>7,</span> <span class='ocrx_word' id='word_1_22' title='bbox 1544 453 1610 501; x_wconf 89' lang='grc'>18,</span> <span class='ocrx_word' id='word_1_23' title='bbox 1633 450 1671 493; x_wconf 87' lang='lat'>7.</span> 
     </span>
    </p>

    <p class='ocr_par' dir='ltr' id='par_1_4' title="bbox 279 517 2081 778">
     <span class='ocr_line' id='line_1_5' title="bbox 279 517 2080 574; baseline -0.002 -8"><span class='ocrx_word' id='word_1_24' title='bbox 279 525 362 566; x_wconf 88' lang='lat'>430</span> <span class='ocrx_word' id='word_1_25' title='bbox 392 522 505 565; x_wconf 90' lang='lat' dir='ltr'>Iulia</span> <span class='ocrx_word' id='word_1_26' title='bbox 533 519 721 563; x_wconf 90' lang='lat' dir='ltr'>Balbilla</span> <span class='ocrx_word' id='word_1_27' title='bbox 751 533 891 561; x_wconf 91' lang='lat' dir='ltr'>comes</span> <span class='ocrx_word' id='word_1_28' title='bbox 915 517 1102 560; x_wconf 85' lang='lat' dir='ltr'>Sabinae</span> <span class='ocrx_word' id='word_1_29' title='bbox 1134 524 1176 560; x_wconf 91' lang='lat' dir='ltr'>et</span> <span class='ocrx_word' id='word_1_30' title='bbox 1195 518 1409 562; x_wconf 89' lang='lat' dir='ltr'>Hadriani</span> <span class='ocrx_word' id='word_1_31' title='bbox 1438 519 1484 560; x_wconf 90' lang='lat' dir='ltr'>in</span> <span class='ocrx_word' id='word_1_32' title='bbox 1504 517 1717 574; x_wconf 77' lang='lat' dir='ltr'>Aegypto,</span> <span class='ocrx_word' id='word_1_33' title='bbox 1750 531 1849 561; x_wconf 91' lang='lat' dir='ltr'>cum</span> <span class='ocrx_word' id='word_1_34' title='bbox 1877 517 2080 562; x_wconf 69' lang='lat' dir='ltr'>audirent</span> 
     </span>
     <span class='ocr_line' id='line_1_6' title="bbox 362 585 2081 643; baseline -0.002 -11"><span class='ocrx_word' id='word_1_35' title='bbox 362 591 634 632; x_wconf 90' lang='lat' dir='ltr'>Memnonem</span> <span class='ocrx_word' id='word_1_36' title='bbox 664 602 797 630; x_wconf 82' lang='lat' dir='ltr'>mens,</span> <span class='ocrx_word' id='word_1_37' title='bbox 819 586 929 628; x_wconf 83' lang='lat' dir='ltr'>Nov.</span> <span class='ocrx_word' id='word_1_38' title='bbox 955 587 1057 640; x_wconf 81' lang='grc' dir='ltr'>13ος</span> <span class='ocrx_word' id='word_1_39' title='bbox 1087 586 1278 628; x_wconf 86' lang='lat' dir='ltr'>carmina</span> <span class='ocrx_word' id='word_1_40' title='bbox 1308 585 1362 627; x_wconf 91' lang='lat' dir='ltr'>de</span> <span class='ocrx_word' id='word_1_41' title='bbox 1393 601 1444 628; x_wconf 88' lang='lat' dir='ltr'>ea</span> <span class='ocrx_word' id='word_1_42' title='bbox 1473 600 1519 628; x_wconf 91' lang='lat' dir='ltr'>re</span> <span class='ocrx_word' id='word_1_43' title='bbox 1549 592 1652 631; x_wconf 88' lang='lat' dir='ltr'>tunc</span> <span class='ocrx_word' id='word_1_44' title='bbox 1676 585 1736 628; x_wconf 83' lang='lat' dir='ltr'>ab</span> <span class='ocrx_word' id='word_1_45' title='bbox 1767 600 1818 628; x_wconf 86' lang='lat' dir='ltr'>ea</span> <span class='ocrx_word' id='word_1_46' title='bbox 1846 587 2081 643; x_wconf 85' lang='lat' dir='ltr'>composita</span> 
     </span>
     <span class='ocr_line' id='line_1_7' title="bbox 362 652 2078 711; baseline -0.001 -12"><span class='ocrx_word' id='word_1_47' title='bbox 362 665 404 700; x_wconf 91' lang='lat' dir='ltr'>et</span> <span class='ocrx_word' id='word_1_48' title='bbox 444 658 487 698; x_wconf 90' lang='lat' dir='ltr'>in</span> <span class='ocrx_word' id='word_1_49' title='bbox 526 656 769 698; x_wconf 90' lang='lat' dir='ltr'>Memnonis</span> <span class='ocrx_word' id='word_1_50' title='bbox 804 668 929 711; x_wconf 73' lang='lat' dir='ltr'>crure</span> <span class='ocrx_word' id='word_1_51' title='bbox 968 654 1105 695; x_wconf 89' lang='lat' dir='ltr'>incisa</span> <span class='ocrx_word' id='word_1_52' title='bbox 1141 652 1264 698; x_wconf 79' lang='lat' dir='ltr'>OIG.</span> <span class='ocrx_word' id='word_1_53' title='bbox 1295 656 1419 698; x_wconf 91' lang='grc'><em>4725.</em></span> <span class='ocrx_word' id='word_1_54' title='bbox 1449 657 1576 698; x_wconf 87' lang='grc'><em>4727.</em></span> <span class='ocrx_word' id='word_1_55' title='bbox 1606 652 1861 697; x_wconf 86' lang='grc'><em>4729-4731</em></span> <span class='ocrx_word' id='word_1_56' title='bbox 1891 655 1947 709; x_wconf 71' lang='lat' dir='ltr'>cf.</span> <span class='ocrx_word' id='word_1_57' title='bbox 1980 652 2078 699; x_wconf 84' lang='lat' dir='ltr'>add.</span> 
     </span>
     <span class='ocr_line' id='line_1_8' title="bbox 362 721 1550 778; baseline 0 -12"><span class='ocrx_word' id='word_1_58' title='bbox 362 725 441 768; x_wconf 84' lang='lat' dir='ltr'>vol.</span> <span class='ocrx_word' id='word_1_59' title='bbox 472 725 560 767; x_wconf 89' lang='lat' dir='ltr'>III</span> <span class='ocrx_word' id='word_1_60' title='bbox 579 738 628 778; x_wconf 91' lang='lat' dir='ltr'>p.</span> <span class='ocrx_word' id='word_1_61' title='bbox 649 726 767 766; x_wconf 88' lang='grc'><em>1202</em></span> <span class='ocrx_word' id='word_1_62' title='bbox 794 743 846 757; x_wconf 67' lang='lat' dir='ltr'><em>z</em></span> <span class='ocrx_word' id='word_1_63' title='bbox 880 721 1040 764; x_wconf 74' lang='lat' dir='ltr'>Kaibel</span> <span class='ocrx_word' id='word_1_64' title='bbox 1069 722 1199 776; x_wconf 73' lang='lat' dir='ltr'>epiyr.</span> <span class='ocrx_word' id='word_1_65' title='bbox 1229 721 1307 765; x_wconf 78' lang='lat' dir='ltr'>Gr.</span> <span class='ocrx_word' id='word_1_66' title='bbox 1334 723 1550 766; x_wconf 87' lang='grc'><em>988-992.</em></span> 
     </span>
    </p>

    <p class='ocr_par' dir='ltr' id='par_1_5' title="bbox 278 789 2088 2074">
     <span class='ocr_line' id='line_1_9' title="bbox 278 789 2080 847; baseline -0.001 -11"><span class='ocrx_word' id='word_1_67' title='bbox 278 795 356 836; x_wconf 82' lang='grc'>431</span> <span class='ocrx_word' id='word_1_68' title='bbox 390 792 501 835; x_wconf 89' lang='lat' dir='ltr'>Iulia</span> <span class='ocrx_word' id='word_1_69' title='bbox 539 792 747 834; x_wconf 84' lang='lat' dir='ltr'>Berenice</span> <span class='ocrx_word' id='word_1_70' title='bbox 787 790 1059 845; x_wconf 70' lang='lat' dir='ltr'>(yentiliciuni</span> <span class='ocrx_word' id='word_1_71' title='bbox 1099 789 1263 832; x_wconf 75' lang='lat' dir='ltr'>exhibet</span> <span class='ocrx_word' id='word_1_72' title='bbox 1302 793 1330 834; x_wconf 85' lang='lat' dir='ltr'>t.</span> <span class='ocrx_word' id='word_1_73' title='bbox 1370 789 1679 844; x_wconf 75' lang='lat' dir='ltr'>Atheniensis),</span> <span class='ocrx_word' id='word_1_74' title='bbox 1720 789 1820 833; x_wconf 70' lang='lat' dir='ltr'>Iulii</span> <span class='ocrx_word' id='word_1_75' title='bbox 1858 789 2080 847; x_wconf 81' lang='lat' dir='ltr'>Agrippae</span> 
     </span>
     <span class='ocr_line' id='line_1_10' title="bbox 364 857 2077 915; baseline 0 -13"><span class='ocrx_word' id='word_1_76' title='bbox 364 862 476 915; x_wconf 87' lang='lat' dir='ltr'>regis</span> <span class='ocrx_word' id='word_1_77' title='bbox 496 859 754 903; x_wconf 87' lang='lat' dir='ltr'>Iudaeorum</span> <span class='ocrx_word' id='word_1_78' title='bbox 775 858 863 900; x_wconf 82' lang='lat' dir='ltr'>filia</span> <span class='ocrx_word' id='word_1_79' title='bbox 885 861 912 901; x_wconf 82' lang='lat' dir='ltr'>t.</span> <span class='ocrx_word' id='word_1_80' title='bbox 929 858 1197 900; x_wconf 67' lang='lat' dir='ltr'>Atheniensis</span> <span class='ocrx_word' id='word_1_81' title='bbox 1219 857 1372 902; x_wconf 79' lang='lat' dir='ltr'>CIAtt.</span> <span class='ocrx_word' id='word_1_82' title='bbox 1387 861 1426 908; x_wconf 83' lang='lat'>3,</span> <span class='ocrx_word' id='word_1_83' title='bbox 1444 860 1524 901; x_wconf 88' lang='lat'>556</span> <span class='ocrx_word' id='word_1_84' title='bbox 1531 870 1544 909; x_wconf 89' lang='grc'><em>;</em></span> <span class='ocrx_word' id='word_1_85' title='bbox 1564 857 1767 912; x_wconf 79' lang='lat' dir='ltr'>Iosephus</span> <span class='ocrx_word' id='word_1_86' title='bbox 1787 858 1880 901; x_wconf 75' lang='lat' dir='ltr'>bell.</span> <span class='ocrx_word' id='word_1_87' title='bbox 1896 861 1939 909; x_wconf 87' lang='grc'>2,</span> <span class='ocrx_word' id='word_1_88' title='bbox 1956 862 2022 909; x_wconf 86' lang='grc'>11,</span> <span class='ocrx_word' id='word_1_89' title='bbox 2039 862 2077 910; x_wconf 87' lang='lat'>6,</span> 
     </span>
     <span class='ocr_line' id='line_1_11' title="bbox 364 925 2081 984; baseline -0.001 -13"><span class='ocrx_word' id='word_1_90' title='bbox 364 932 451 971; x_wconf 77' lang='lat' dir='ltr'>ant.</span> <span class='ocrx_word' id='word_1_91' title='bbox 482 930 548 979; x_wconf 86' lang='lat'>18,</span> <span class='ocrx_word' id='word_1_92' title='bbox 576 931 614 978; x_wconf 89' lang='lat'>5,</span> <span class='ocrx_word' id='word_1_93' title='bbox 645 931 684 978; x_wconf 98' lang='grc'>4,</span> <span class='ocrx_word' id='word_1_94' title='bbox 718 927 863 983; x_wconf 86' lang='lat' dir='ltr'>Cypro</span> <span class='ocrx_word' id='word_1_95' title='bbox 896 933 1008 981; x_wconf 89' lang='lat' dir='ltr'>nata,</span> <span class='ocrx_word' id='word_1_96' title='bbox 1041 926 1263 982; x_wconf 83' lang='lat' dir='ltr'>Agrippae</span> <span class='ocrx_word' id='word_1_97' title='bbox 1293 927 1471 968; x_wconf 87' lang='lat' dir='ltr'>minoris</span> <span class='ocrx_word' id='word_1_98' title='bbox 1500 940 1622 968; x_wconf 88' lang='lat' dir='ltr'>soror</span> <span class='ocrx_word' id='word_1_99' title='bbox 1650 925 1735 969; x_wconf 89' lang='lat' dir='ltr'>Ios.</span> <span class='ocrx_word' id='word_1_100' title='bbox 1767 926 1793 968; x_wconf 84' lang='lat' dir='ltr'>l.</span> <span class='ocrx_word' id='word_1_101' title='bbox 1826 940 1873 973; x_wconf 80' lang='grc' dir='ltr'>σ..</span> <span class='ocrx_word' id='word_1_102' title='bbox 1905 942 1932 969; x_wconf 91' lang='lat' dir='ltr'>a</span> <span class='ocrx_word' id='word_1_103' title='bbox 1958 934 2081 984; x_wconf 83' lang='lat' dir='ltr'>patre</span> 
     </span>
     <span class='ocr_line' id='line_1_12' title="bbox 362 993 2078 1052; baseline -0.001 -13"><span class='ocrx_word' id='word_1_104' title='bbox 362 997 510 1039; x_wconf 82' lang='lat' dir='ltr'>Marco</span> <span class='ocrx_word' id='word_1_105' title='bbox 540 995 780 1038; x_wconf 82' lang='lat' dir='ltr'>Alexandri</span> <span class='ocrx_word' id='word_1_106' title='bbox 810 994 1066 1037; x_wconf 88' lang='lat' dir='ltr'>alabarchae</span> <span class='ocrx_word' id='word_1_107' title='bbox 1094 993 1182 1036; x_wconf 79' lang='lat' dir='ltr'>filio</span> <span class='ocrx_word' id='word_1_108' title='bbox 1213 993 1421 1036; x_wconf 89' lang='lat' dir='ltr'>collocata</span> <span class='ocrx_word' id='word_1_109' title='bbox 1442 994 1645 1049; x_wconf 90' lang='lat' dir='ltr'>Iosephus</span> <span class='ocrx_word' id='word_1_110' title='bbox 1671 997 1757 1038; x_wconf 75' lang='lat' dir='ltr'>ant.</span> <span class='ocrx_word' id='word_1_111' title='bbox 1778 998 1844 1045; x_wconf 88' lang='grc'>19,</span> <span class='ocrx_word' id='word_1_112' title='bbox 1865 997 1904 1047; x_wconf 89' lang='grc'>5,</span> <span class='ocrx_word' id='word_1_113' title='bbox 1925 999 1963 1046; x_wconf 94' lang='grc'>1,</span> <span class='ocrx_word' id='word_1_114' title='bbox 1995 1010 2078 1052; x_wconf 91' lang='lat' dir='ltr'>quo</span> 
     </span>
     <span class='ocr_line' id='line_1_13' title="bbox 364 1061 2079 1119; baseline 0 -13"><span class='ocrx_word' id='word_1_115' title='bbox 364 1064 565 1107; x_wconf 87' lang='lat' dir='ltr'>defuncto</span> <span class='ocrx_word' id='word_1_116' title='bbox 606 1065 755 1119; x_wconf 87' lang='lat' dir='ltr'>nupsit</span> <span class='ocrx_word' id='word_1_117' title='bbox 795 1063 959 1105; x_wconf 90' lang='lat' dir='ltr'>Herodi</span> <span class='ocrx_word' id='word_1_118' title='bbox 999 1069 1175 1119; x_wconf 89' lang='lat' dir='ltr'>patruo,</span> <span class='ocrx_word' id='word_1_119' title='bbox 1218 1063 1308 1117; x_wconf 89' lang='lat' dir='ltr'>regi</span> <span class='ocrx_word' id='word_1_120' title='bbox 1346 1061 1566 1105; x_wconf 82' lang='lat' dir='ltr'>Chalcidis</span> <span class='ocrx_word' id='word_1_121' title='bbox 1605 1063 1662 1105; x_wconf 86' lang='lat' dir='ltr'>ib.</span> <span class='ocrx_word' id='word_1_122' title='bbox 1704 1063 1872 1118; x_wconf 90' lang='lat' dir='ltr'>(regina</span> <span class='ocrx_word' id='word_1_123' title='bbox 1911 1062 2007 1108; x_wconf 80' lang='lat' dir='ltr'>Tae.</span> <span class='ocrx_word' id='word_1_124' title='bbox 2039 1063 2079 1106; x_wconf 91' lang='lat' dir='ltr'>h.</span> 
     </span>
     <span class='ocr_line' id='line_1_14' title="bbox 362 1130 2076 1190; baseline -0.002 -13"><span class='ocrx_word' id='word_1_125' title='bbox 362 1137 405 1183; x_wconf 92' lang='grc'>2,</span> <span class='ocrx_word' id='word_1_126' title='bbox 427 1137 470 1177; x_wconf 92' lang='grc'>2.</span> <span class='ocrx_word' id='word_1_127' title='bbox 490 1135 557 1182; x_wconf 90' lang='grc'>81,</span> <span class='ocrx_word' id='word_1_128' title='bbox 586 1131 700 1175; x_wconf 79' lang='lat' dir='ltr'>Suet.</span> <span class='ocrx_word' id='word_1_129' title='bbox 728 1132 799 1174; x_wconf 80' lang='lat' dir='ltr'>Tit</span> <span class='ocrx_word' id='word_1_130' title='bbox 833 1135 870 1181; x_wconf 85' lang='lat'>7,</span> <span class='ocrx_word' id='word_1_131' title='bbox 895 1132 1101 1190; x_wconf 82' lang='grc' dir='ltr'>βασίλισσα</span> <span class='ocrx_word' id='word_1_132' title='bbox 1121 1133 1273 1188; x_wconf 81' lang='grc' dir='ltr'>μεγάλη</span> <span class='ocrx_word' id='word_1_133' title='bbox 1297 1134 1324 1173; x_wconf 77' lang='lat' dir='ltr'>t.</span> <span class='ocrx_word' id='word_1_134' title='bbox 1346 1130 1658 1185; x_wconf 74' lang='lat' dir='ltr'>Atheniensis)3</span> <span class='ocrx_word' id='word_1_135' title='bbox 1691 1131 1729 1172; x_wconf 91' lang='lat' dir='ltr'>ei</span> <span class='ocrx_word' id='word_1_136' title='bbox 1758 1132 1928 1187; x_wconf 84' lang='lat' dir='ltr'>peperit</span> <span class='ocrx_word' id='word_1_137' title='bbox 1952 1131 2076 1173; x_wconf 87' lang='lat' dir='ltr'>Bere-</span> 
     </span>
     <span class='ocr_line' id='line_1_15' title="bbox 363 1198 2081 1257; baseline 0 -15"><span class='ocrx_word' id='word_1_138' title='bbox 363 1201 579 1242; x_wconf 90' lang='lat' dir='ltr'>nicianum</span> <span class='ocrx_word' id='word_1_139' title='bbox 603 1206 645 1242; x_wconf 92' lang='lat' dir='ltr'>et</span> <span class='ocrx_word' id='word_1_140' title='bbox 667 1200 920 1256; x_wconf 88' lang='lat' dir='ltr'>Hyrcanum</span> <span class='ocrx_word' id='word_1_141' title='bbox 941 1200 1026 1242; x_wconf 83' lang='lat' dir='ltr'>Ios.</span> <span class='ocrx_word' id='word_1_142' title='bbox 1050 1202 1136 1241; x_wconf 78' lang='lat' dir='ltr'>ant.</span> <span class='ocrx_word' id='word_1_143' title='bbox 1158 1203 1228 1249; x_wconf 89' lang='grc'>20,</span> <span class='ocrx_word' id='word_1_144' title='bbox 1249 1202 1288 1249; x_wconf 91' lang='grc'>5,</span> <span class='ocrx_word' id='word_1_145' title='bbox 1310 1202 1352 1249; x_wconf 90' lang='grc'>2,</span> <span class='ocrx_word' id='word_1_146' title='bbox 1378 1198 1470 1243; x_wconf 79' lang='lat' dir='ltr'>bell.</span> <span class='ocrx_word' id='word_1_147' title='bbox 1490 1201 1534 1249; x_wconf 90' lang='grc'>2,</span> <span class='ocrx_word' id='word_1_148' title='bbox 1555 1201 1620 1249; x_wconf 92' lang='grc'>11,</span> <span class='ocrx_word' id='word_1_149' title='bbox 1644 1202 1681 1242; x_wconf 87' lang='grc'>6.</span> <span class='ocrx_word' id='word_1_150' title='bbox 1698 1198 1889 1242; x_wconf 90' lang='lat' dir='ltr'>·Herode</span> <span class='ocrx_word' id='word_1_151' title='bbox 1910 1213 2081 1257; x_wconf 90' lang='lat' dir='ltr'>quoque</span> 
     </span>
     <span class='ocr_line' id='line_1_16' title="bbox 364 1267 2082 1324; baseline -0.001 -14"><span class='ocrx_word' id='word_1_152' title='bbox 364 1268 566 1311; x_wconf 81' lang='lat' dir='ltr'>defuncto</span> <span class='ocrx_word' id='word_1_153' title='bbox 596 1283 633 1310; x_wconf 89' lang='lat' dir='ltr'>a.</span> <span class='ocrx_word' id='word_1_154' title='bbox 658 1268 711 1310; x_wconf 89' lang='grc'>48</span> <span class='ocrx_word' id='word_1_155' title='bbox 742 1267 818 1310; x_wconf 90' lang='lat' dir='ltr'>diu</span> <span class='ocrx_word' id='word_1_156' title='bbox 844 1267 976 1309; x_wconf 87' lang='lat' dir='ltr'>vidua</span> <span class='ocrx_word' id='word_1_157' title='bbox 1005 1268 1183 1321; x_wconf 77' lang='lat' dir='ltr'>mansit3</span> <span class='ocrx_word' id='word_1_158' title='bbox 1220 1267 1406 1323; x_wconf 90' lang='lat' dir='ltr'>denique</span> <span class='ocrx_word' id='word_1_159' title='bbox 1436 1273 1485 1308; x_wconf 90' lang='lat' dir='ltr'>ut</span> <span class='ocrx_word' id='word_1_160' title='bbox 1513 1281 1706 1309; x_wconf 81' lang='lat' dir='ltr'>rumores</span> <span class='ocrx_word' id='word_1_161' title='bbox 1735 1267 1790 1310; x_wconf 88' lang='lat' dir='ltr'>de</span> <span class='ocrx_word' id='word_1_162' title='bbox 1818 1268 1953 1324; x_wconf 91' lang='lat' dir='ltr'>ipsius</span> <span class='ocrx_word' id='word_1_163' title='bbox 1983 1281 2082 1309; x_wconf 83' lang='lat' dir='ltr'>cum</span> 
     </span>
     <span class='ocr_line' id='line_1_17' title="bbox 368 1334 2084 1392; baseline 0 -14"><span class='ocrx_word' id='word_1_164' title='bbox 368 1337 502 1379; x_wconf 85' lang='lat' dir='ltr'>fratre</span> <span class='ocrx_word' id='word_1_165' title='bbox 532 1335 843 1379; x_wconf 90' lang='lat' dir='ltr'>consuetudine</span> <span class='ocrx_word' id='word_1_166' title='bbox 873 1336 1041 1391; x_wconf 87' lang='lat' dir='ltr'>vitaret,</span> <span class='ocrx_word' id='word_1_167' title='bbox 1074 1336 1223 1392; x_wconf 89' lang='lat' dir='ltr'>nupsit</span> <span class='ocrx_word' id='word_1_168' title='bbox 1243 1335 1464 1377; x_wconf 86' lang='lat' dir='ltr'>Polemoni</span> <span class='ocrx_word' id='word_1_169' title='bbox 1491 1336 1566 1391; x_wconf 91' lang='lat' dir='ltr'>qui</span> <span class='ocrx_word' id='word_1_170' title='bbox 1597 1341 1688 1377; x_wconf 86' lang='lat' dir='ltr'>tum</span> <span class='ocrx_word' id='word_1_171' title='bbox 1709 1334 1887 1378; x_wconf 84' lang='lat' dir='ltr'>Ciliciae</span> <span class='ocrx_word' id='word_1_172' title='bbox 1917 1341 2084 1391; x_wconf 84' lang='lat' dir='ltr'>partem</span> 
     </span>
     <span class='ocr_line' id='line_1_18' title="bbox 369 1402 2082 1461; baseline 0 -15"><span class='ocrx_word' id='word_1_173' title='bbox 369 1405 569 1460; x_wconf 91' lang='lat' dir='ltr'>habebat,</span> <span class='ocrx_word' id='word_1_174' title='bbox 603 1419 730 1461; x_wconf 90' lang='lat' dir='ltr'>quem</span> <span class='ocrx_word' id='word_1_175' title='bbox 761 1411 903 1447; x_wconf 89' lang='lat' dir='ltr'>tamen</span> <span class='ocrx_word' id='word_1_176' title='bbox 932 1418 1035 1446; x_wconf 84' lang='lat' dir='ltr'>mox</span> <span class='ocrx_word' id='word_1_177' title='bbox 1065 1404 1255 1446; x_wconf 89' lang='lat' dir='ltr'>deseruit</span> <span class='ocrx_word' id='word_1_178' title='bbox 1286 1406 1452 1457; x_wconf 87' lang='lat' dir='ltr'>(rursus</span> <span class='ocrx_word' id='word_1_179' title='bbox 1474 1418 1571 1445; x_wconf 89' lang='lat' dir='ltr'>cum</span> <span class='ocrx_word' id='word_1_180' title='bbox 1591 1402 1725 1446; x_wconf 87' lang='lat' dir='ltr'>fratre</span> <span class='ocrx_word' id='word_1_181' title='bbox 1744 1403 1965 1458; x_wconf 81' lang='lat' dir='ltr'>mansura)</span> <span class='ocrx_word' id='word_1_182' title='bbox 1996 1403 2082 1447; x_wconf 87' lang='lat' dir='ltr'>Ios.</span> 
     </span>
     <span class='ocr_line' id='line_1_19' title="bbox 367 1472 2084 1530; baseline 0 -16"><span class='ocrx_word' id='word_1_183' title='bbox 367 1476 454 1516; x_wconf 76' lang='lat' dir='ltr'>ant.</span> <span class='ocrx_word' id='word_1_184' title='bbox 484 1475 554 1523; x_wconf 82' lang='lat'>20,</span> <span class='ocrx_word' id='word_1_185' title='bbox 588 1476 626 1523; x_wconf 95' lang='lat'>7,</span> <span class='ocrx_word' id='word_1_186' title='bbox 653 1476 692 1515; x_wconf 88' lang='lat'>3.</span> <span class='ocrx_word' id='word_1_187' title='bbox 750 1473 850 1515; x_wconf 91' lang='lat' dir='ltr'>Una</span> <span class='ocrx_word' id='word_1_188' title='bbox 880 1487 978 1514; x_wconf 91' lang='lat' dir='ltr'>cum</span> <span class='ocrx_word' id='word_1_189' title='bbox 1008 1472 1141 1530; x_wconf 82' lang='lat' dir='ltr'>fratre</span> <span class='ocrx_word' id='word_1_190' title='bbox 1170 1487 1208 1514; x_wconf 91' lang='lat' dir='ltr'>a.</span> <span class='ocrx_word' id='word_1_191' title='bbox 1240 1473 1295 1514; x_wconf 87' lang='lat'>60</span> <span class='ocrx_word' id='word_1_192' title='bbox 1326 1472 1528 1514; x_wconf 85' lang='lat' dir='ltr'>Porcium</span> <span class='ocrx_word' id='word_1_193' title='bbox 1552 1472 1734 1515; x_wconf 81' lang='lat' dir='ltr'>Festum</span> <span class='ocrx_word' id='word_1_194' title='bbox 1762 1477 2084 1528; x_wconf 88' lang='lat' dir='ltr'>procuratorem</span> 
     </span>
     <span class='ocr_line' id='line_1_20' title="bbox 367 1539 2086 1594; baseline -0.001 -10"><span class='ocrx_word' id='word_1_195' title='bbox 367 1541 605 1584; x_wconf 84' lang='lat' dir='ltr'>Caesareae</span> <span class='ocrx_word' id='word_1_196' title='bbox 644 1541 846 1583; x_wconf 90' lang='lat' dir='ltr'>convenit</span> <span class='ocrx_word' id='word_1_197' title='bbox 874 1543 954 1583; x_wconf 74' lang='lat' dir='ltr'>act.</span> <span class='ocrx_word' id='word_1_198' title='bbox 986 1543 1119 1594; x_wconf 77' lang='lat' dir='ltr'>apost.</span> <span class='ocrx_word' id='word_1_199' title='bbox 1149 1542 1220 1583; x_wconf 87' lang='grc'>25.</span> <span class='ocrx_word' id='word_1_200' title='bbox 1278 1539 1332 1582; x_wconf 94' lang='lat' dir='ltr'>A.</span> <span class='ocrx_word' id='word_1_201' title='bbox 1364 1540 1419 1582; x_wconf 87' lang='grc'>66</span> <span class='ocrx_word' id='word_1_202' title='bbox 1459 1552 1557 1583; x_wconf 86' lang='lat' dir='ltr'>cum</span> <span class='ocrx_word' id='word_1_203' title='bbox 1598 1541 1686 1581; x_wconf 89' lang='lat' dir='ltr'>voti</span> <span class='ocrx_word' id='word_1_204' title='bbox 1727 1539 1921 1582; x_wconf 88' lang='lat' dir='ltr'>solvendi</span> <span class='ocrx_word' id='word_1_205' title='bbox 1956 1553 2086 1582; x_wconf 86' lang='lat' dir='ltr'>causa</span> 
     </span>
     <span class='ocr_line' id='line_1_21' title="bbox 369 1606 2086 1665; baseline -0.001 -14"><span class='ocrx_word' id='word_1_206' title='bbox 369 1608 682 1665; x_wconf 89' lang='lat' dir='ltr'>Hierosolymis</span> <span class='ocrx_word' id='word_1_207' title='bbox 711 1615 971 1663; x_wconf 90' lang='lat' dir='ltr'>moraretur,</span> <span class='ocrx_word' id='word_1_208' title='bbox 1004 1608 1205 1651; x_wconf 79' lang='lat' dir='ltr'>Gessium</span> <span class='ocrx_word' id='word_1_209' title='bbox 1235 1606 1413 1650; x_wconf 84' lang='lat' dir='ltr'>Florum</span> <span class='ocrx_word' id='word_1_210' title='bbox 1449 1614 1772 1664; x_wconf 86' lang='lat' dir='ltr'>procuratorem</span> <span class='ocrx_word' id='word_1_211' title='bbox 1805 1623 1884 1664; x_wconf 91' lang='lat' dir='ltr'>pro</span> <span class='ocrx_word' id='word_1_212' title='bbox 1913 1607 2086 1650; x_wconf 83' lang='lat' dir='ltr'>Iudaeis</span> 
     </span>
     <span class='ocr_line' id='line_1_22' title="bbox 366 1675 2086 1734; baseline -0.001 -15"><span class='ocrx_word' id='word_1_213' title='bbox 366 1677 613 1734; x_wconf 89' lang='lat' dir='ltr'>imploravit</span> <span class='ocrx_word' id='word_1_214' title='bbox 638 1677 714 1719; x_wconf 91' lang='lat' dir='ltr'>sed</span> <span class='ocrx_word' id='word_1_215' title='bbox 744 1677 904 1719; x_wconf 90' lang='lat' dir='ltr'>frustra</span> <span class='ocrx_word' id='word_1_216' title='bbox 923 1676 1126 1731; x_wconf 76' lang='lat' dir='ltr'>Iosephus</span> <span class='ocrx_word' id='word_1_217' title='bbox 1147 1675 1241 1718; x_wconf 84' lang='lat' dir='ltr'>bell.</span> <span class='ocrx_word' id='word_1_218' title='bbox 1261 1679 1305 1726; x_wconf 89' lang='grc'>2,</span> <span class='ocrx_word' id='word_1_219' title='bbox 1327 1678 1393 1727; x_wconf 88' lang='grc'>15,</span> <span class='ocrx_word' id='word_1_220' title='bbox 1415 1679 1464 1728; x_wconf 90' lang='grc'>1,·</span> <span class='ocrx_word' id='word_1_221' title='bbox 1493 1675 1656 1718; x_wconf 80' lang='lat' dir='ltr'>litteras</span> <span class='ocrx_word' id='word_1_222' title='bbox 1678 1675 1800 1718; x_wconf 89' lang='lat' dir='ltr'>dedit</span> <span class='ocrx_word' id='word_1_223' title='bbox 1817 1675 1872 1718; x_wconf 90' lang='lat' dir='ltr'>ad</span> <span class='ocrx_word' id='word_1_224' title='bbox 1893 1675 2086 1719; x_wconf 83' lang='lat' dir='ltr'>Cestium</span> 
     </span>
     <span class='ocr_line' id='line_1_23' title="bbox 367 1743 2087 1799; baseline -0.001 -11"><span class='ocrx_word' id='word_1_225' title='bbox 367 1745 542 1788; x_wconf 83' lang='lat' dir='ltr'>Gallum</span> <span class='ocrx_word' id='word_1_226' title='bbox 574 1746 630 1788; x_wconf 85' lang='lat' dir='ltr'>ib.</span> <span class='ocrx_word' id='word_1_227' title='bbox 659 1749 703 1796; x_wconf 90' lang='grc'>2,</span> <span class='ocrx_word' id='word_1_228' title='bbox 734 1748 799 1795; x_wconf 88' lang='grc'>16,</span> <span class='ocrx_word' id='word_1_229' title='bbox 832 1749 857 1787; x_wconf 93' lang='grc'><em>1</em></span> <span class='ocrx_word' id='word_1_230' title='bbox 885 1743 1160 1796; x_wconf 76' lang='lat' dir='ltr'>(memoratur</span> <span class='ocrx_word' id='word_1_231' title='bbox 1191 1745 1318 1787; x_wconf 79' lang='lat' dir='ltr'>etiam</span> <span class='ocrx_word' id='word_1_232' title='bbox 1346 1748 1389 1795; x_wconf 91' lang='grc'>2,</span> <span class='ocrx_word' id='word_1_233' title='bbox 1421 1747 1487 1795; x_wconf 88' lang='grc'>17,</span> <span class='ocrx_word' id='word_1_234' title='bbox 1518 1744 1576 1799; x_wconf 86' lang='grc'>1).</span> <span class='ocrx_word' id='word_1_235' title='bbox 1640 1743 1784 1786; x_wconf 87' lang='lat' dir='ltr'>Aedes</span> <span class='ocrx_word' id='word_1_236' title='bbox 1814 1745 1905 1786; x_wconf 88' lang='lat' dir='ltr'>eius</span> <span class='ocrx_word' id='word_1_237' title='bbox 1935 1744 2087 1787; x_wconf 89' lang='lat' dir='ltr'>Hiero-</span> 
     </span>
     <span class='ocr_line' id='line_1_24' title="bbox 367 1811 2085 1869; baseline -0.001 -14"><span class='ocrx_word' id='word_1_238' title='bbox 367 1813 649 1869; x_wconf 86' lang='lat' dir='ltr'>solymitanae</span> <span class='ocrx_word' id='word_1_239' title='bbox 679 1829 706 1855; x_wconf 90' lang='lat' dir='ltr'>a</span> <span class='ocrx_word' id='word_1_240' title='bbox 735 1813 908 1856; x_wconf 91' lang='lat' dir='ltr'>Iudaeis</span> <span class='ocrx_word' id='word_1_241' title='bbox 939 1812 1153 1855; x_wconf 90' lang='lat' dir='ltr'>seditiosis</span> <span class='ocrx_word' id='word_1_242' title='bbox 1183 1813 1384 1855; x_wconf 88' lang='lat' dir='ltr'>incensae</span> <span class='ocrx_word' id='word_1_243' title='bbox 1417 1812 1476 1855; x_wconf 84' lang='lat' dir='ltr'>ib.</span> <span class='ocrx_word' id='word_1_244' title='bbox 1505 1816 1549 1863; x_wconf 89' lang='grc'>2,</span> <span class='ocrx_word' id='word_1_245' title='bbox 1581 1815 1646 1863; x_wconf 87' lang='grc'>17,</span> <span class='ocrx_word' id='word_1_246' title='bbox 1679 1815 1717 1855; x_wconf 92' lang='grc'>6.</span> <span class='ocrx_word' id='word_1_247' title='bbox 1771 1811 1892 1861; x_wconf 88' lang='lat' dir='ltr'>Bello</span> <span class='ocrx_word' id='word_1_248' title='bbox 1923 1818 2085 1867; x_wconf 78' lang='lat' dir='ltr'>exorto,</span> 
     </span>
     <span class='ocr_line' id='line_1_25' title="bbox 369 1880 2087 1937; baseline 0 -14"><span class='ocrx_word' id='word_1_249' title='bbox 369 1897 454 1923; x_wconf 91' lang='lat' dir='ltr'>una</span> <span class='ocrx_word' id='word_1_250' title='bbox 492 1896 590 1924; x_wconf 91' lang='lat' dir='ltr'>cum</span> <span class='ocrx_word' id='word_1_251' title='bbox 629 1882 761 1924; x_wconf 84' lang='lat' dir='ltr'>fratre</span> <span class='ocrx_word' id='word_1_252' title='bbox 803 1887 851 1923; x_wconf 90' lang='lat' dir='ltr'>ut</span> <span class='ocrx_word' id='word_1_253' title='bbox 879 1881 1053 1923; x_wconf 88' lang='lat' dir='ltr'>videtur</span> <span class='ocrx_word' id='word_1_254' title='bbox 1094 1882 1137 1922; x_wconf 94' lang='lat' dir='ltr'>in</span> <span class='ocrx_word' id='word_1_255' title='bbox 1174 1882 1326 1923; x_wconf 89' lang='lat' dir='ltr'>castris</span> <span class='ocrx_word' id='word_1_256' title='bbox 1356 1881 1667 1934; x_wconf 89' lang='lat' dir='ltr'>Romanorum,</span> <span class='ocrx_word' id='word_1_257' title='bbox 1704 1886 1792 1923; x_wconf 88' lang='lat' dir='ltr'>tam</span> <span class='ocrx_word' id='word_1_258' title='bbox 1820 1880 2087 1937; x_wconf 79' lang='lat' dir='ltr'>Vespasiano</span> 
     </span>
     <span class='ocr_line' id='line_1_26' title="bbox 369 1947 2088 2006; baseline 0 -15"><span class='ocrx_word' id='word_1_259' title='bbox 369 1964 499 2006; x_wconf 90' lang='lat' dir='ltr'>quam</span> <span class='ocrx_word' id='word_1_260' title='bbox 530 1950 628 1992; x_wconf 91' lang='lat' dir='ltr'>Tito</span> <span class='ocrx_word' id='word_1_261' title='bbox 659 1957 784 2005; x_wconf 90' lang='lat' dir='ltr'>grata</span> <span class='ocrx_word' id='word_1_262' title='bbox 818 1950 914 1992; x_wconf 77' lang='lat' dir='ltr'>Tae.</span> <span class='ocrx_word' id='word_1_263' title='bbox 937 1949 977 1992; x_wconf 88' lang='lat' dir='ltr'>h.</span> <span class='ocrx_word' id='word_1_264' title='bbox 998 1952 1041 1999; x_wconf 88' lang='grc'>2,</span> <span class='ocrx_word' id='word_1_265' title='bbox 1063 1952 1106 1993; x_wconf 91' lang='grc'><em>2.</em></span> <span class='ocrx_word' id='word_1_266' title='bbox 1133 1952 1188 1991; x_wconf 86' lang='lat'>81</span> <span class='ocrx_word' id='word_1_267' title='bbox 1198 1962 1211 2000; x_wconf 95' lang='grc'>,·</span> <span class='ocrx_word' id='word_1_268' title='bbox 1241 1948 1503 1991; x_wconf 86' lang='lat' dir='ltr'>desiderium</span> <span class='ocrx_word' id='word_1_269' title='bbox 1533 1950 1624 1991; x_wconf 88' lang='lat' dir='ltr'>eius</span> <span class='ocrx_word' id='word_1_270' title='bbox 1655 1960 1788 1991; x_wconf 82' lang='lat' dir='ltr'>causa</span> <span class='ocrx_word' id='word_1_271' title='bbox 1813 1948 1947 1991; x_wconf 80' lang='lat' dir='ltr'>fuisse</span> <span class='ocrx_word' id='word_1_272' title='bbox 1976 1947 2088 1990; x_wconf 83' lang='lat' dir='ltr'>dice-</span> 
     </span>
     <span class='ocr_line' id='line_1_27' title="bbox 367 2017 2087 2074; baseline 0.001 -15"><span class='ocrx_word' id='word_1_273' title='bbox 367 2018 495 2060; x_wconf 86' lang='lat' dir='ltr'>batur</span> <span class='ocrx_word' id='word_1_274' title='bbox 533 2018 654 2066; x_wconf 85' lang='lat' dir='ltr'>Tito,</span> <span class='ocrx_word' id='word_1_275' title='bbox 698 2024 746 2060; x_wconf 91' lang='lat' dir='ltr'>ut</span> <span class='ocrx_word' id='word_1_276' title='bbox 785 2019 866 2059; x_wconf 92' lang='lat' dir='ltr'>iter</span> <span class='ocrx_word' id='word_1_277' title='bbox 910 2018 956 2059; x_wconf 92' lang='lat' dir='ltr'>in</span> <span class='ocrx_word' id='word_1_278' title='bbox 995 2017 1145 2060; x_wconf 92' lang='lat' dir='ltr'>urbem</span> <span class='ocrx_word' id='word_1_279' title='bbox 1186 2024 1431 2074; x_wconf 87' lang='lat' dir='ltr'>susceptum</span> <span class='ocrx_word' id='word_1_280' title='bbox 1469 2029 1508 2060; x_wconf 84' lang='lat' dir='ltr'>a.</span> <span class='ocrx_word' id='word_1_281' title='bbox 1539 2017 1594 2060; x_wconf 85' lang='lat'>69</span> <span class='ocrx_word' id='word_1_282' title='bbox 1633 2018 1849 2060; x_wconf 87' lang='lat' dir='ltr'>omitteret</span> <span class='ocrx_word' id='word_1_283' title='bbox 1882 2017 1938 2061; x_wconf 81' lang='lat' dir='ltr'>ib.</span> <span class='ocrx_word' id='word_1_284' title='bbox 1968 2019 2012 2067; x_wconf 80' lang='lat'>2,</span> <span class='ocrx_word' id='word_1_285' title='bbox 2042 2019 2087 2060; x_wconf 73' lang='lat'>2.</span> 
     </span>
    </p>

    <p class='ocr_par' dir='ltr' id='par_1_6' title="bbox 296 2084 2092 2413">
     <span class='ocr_line' id='line_1_28' title="bbox 296 2084 2090 2142; baseline -0.001 -14"><span class='ocrx_word' id='word_1_286' title='bbox 296 2136 300 2142; x_wconf 37' lang='lat'>,</span> <span class='ocrx_word' id='word_1_287' title='bbox 367 2085 599 2128; x_wconf 85' lang='lat' dir='ltr'>Flavianas</span> <span class='ocrx_word' id='word_1_288' title='bbox 635 2092 780 2142; x_wconf 89' lang='lat' dir='ltr'>partes</span> <span class='ocrx_word' id='word_1_289' title='bbox 812 2087 932 2128; x_wconf 89' lang='lat' dir='ltr'>iuvat</span> <span class='ocrx_word' id='word_1_290' title='bbox 961 2087 1017 2128; x_wconf 87' lang='lat' dir='ltr'>ib.</span> <span class='ocrx_word' id='word_1_291' title='bbox 1038 2088 1082 2136; x_wconf 93' lang='grc'>2,</span> <span class='ocrx_word' id='word_1_292' title='bbox 1103 2088 1170 2128; x_wconf 91' lang='grc'>81.</span> <span class='ocrx_word' id='word_1_293' title='bbox 1229 2086 1314 2128; x_wconf 92' lang='lat' dir='ltr'>Pro</span> <span class='ocrx_word' id='word_1_294' title='bbox 1345 2087 1465 2128; x_wconf 89' lang='lat' dir='ltr'>Iusto</span> <span class='ocrx_word' id='word_1_295' title='bbox 1497 2085 1737 2129; x_wconf 83' lang='lat' dir='ltr'>Tiberiensi</span> <span class='ocrx_word' id='word_1_296' title='bbox 1767 2084 1884 2142; x_wconf 83' lang='lat' dir='ltr'>apud</span> <span class='ocrx_word' id='word_1_297' title='bbox 1913 2085 2090 2128; x_wconf 85' lang='lat' dir='ltr'>fratrem</span> 
     </span>
     <span class='ocr_line' id='line_1_29' title="bbox 371 2150 2089 2208; baseline 0 -13"><span class='ocrx_word' id='word_1_298' title='bbox 371 2153 597 2196; x_wconf 88' lang='lat' dir='ltr'>intercedit</span> <span class='ocrx_word' id='word_1_299' title='bbox 616 2154 780 2208; x_wconf 89' lang='lat' dir='ltr'>Ioseph.</span> <span class='ocrx_word' id='word_1_300' title='bbox 802 2155 890 2196; x_wconf 81' lang='lat' dir='ltr'>vita</span> <span class='ocrx_word' id='word_1_301' title='bbox 910 2157 974 2197; x_wconf 89' lang='lat'>65.</span> <span class='ocrx_word' id='word_1_302' title='bbox 1029 2154 1081 2196; x_wconf 92' lang='lat' dir='ltr'>A.</span> <span class='ocrx_word' id='word_1_303' title='bbox 1106 2155 1157 2197; x_wconf 82' lang='lat'>75</span> <span class='ocrx_word' id='word_1_304' title='bbox 1179 2155 1356 2196; x_wconf 86' lang='lat' dir='ltr'>Romam</span> <span class='ocrx_word' id='word_1_305' title='bbox 1380 2155 1503 2196; x_wconf 88' lang='lat' dir='ltr'>venit</span> <span class='ocrx_word' id='word_1_306' title='bbox 1523 2169 1621 2196; x_wconf 93' lang='lat' dir='ltr'>cum</span> <span class='ocrx_word' id='word_1_307' title='bbox 1641 2153 1775 2201; x_wconf 88' lang='lat' dir='ltr'>fratre</span> <span class='ocrx_word' id='word_1_308' title='bbox 1795 2159 1838 2196; x_wconf 89' lang='lat' dir='ltr'>et</span> <span class='ocrx_word' id='word_1_309' title='bbox 1857 2154 1903 2197; x_wconf 86' lang='lat' dir='ltr'>in</span> <span class='ocrx_word' id='word_1_310' title='bbox 1922 2150 2089 2196; x_wconf 86' lang='lat' dir='ltr'>Palatio</span> 
     </span>
     <span class='ocr_line' id='line_1_30' title="bbox 369 2221 2092 2278; baseline 0.001 -15"><span class='ocrx_word' id='word_1_311' title='bbox 369 2221 486 2278; x_wconf 90' lang='lat' dir='ltr'>apud</span> <span class='ocrx_word' id='word_1_312' title='bbox 507 2223 655 2264; x_wconf 90' lang='lat' dir='ltr'>Titum</span> <span class='ocrx_word' id='word_1_313' title='bbox 676 2222 885 2276; x_wconf 73' lang='lat' dir='ltr'>devertitr,</span> <span class='ocrx_word' id='word_1_314' title='bbox 918 2222 1176 2265; x_wconf 85' lang='lat' dir='ltr'>credebatur</span> <span class='ocrx_word' id='word_1_315' title='bbox 1196 2222 1320 2265; x_wconf 87' lang='lat' dir='ltr'>Titus</span> <span class='ocrx_word' id='word_1_316' title='bbox 1342 2236 1436 2264; x_wconf 90' lang='lat' dir='ltr'>eam</span> <span class='ocrx_word' id='word_1_317' title='bbox 1458 2234 1639 2265; x_wconf 84' lang='lat' dir='ltr'>uxorem</span> <span class='ocrx_word' id='word_1_318' title='bbox 1659 2222 1868 2265; x_wconf 86' lang='lat' dir='ltr'>ducturus</span> <span class='ocrx_word' id='word_1_319' title='bbox 1889 2235 1994 2277; x_wconf 85' lang='lat' dir='ltr'>esse,</span> <span class='ocrx_word' id='word_1_320' title='bbox 2014 2221 2092 2264; x_wconf 86' lang='lat' dir='ltr'>sed</span> 
     </span>
     <span class='ocr_line' id='line_1_31' title="bbox 371 2290 2091 2342; baseline 0 -10"><span class='ocrx_word' id='word_1_321' title='bbox 371 2291 574 2332; x_wconf 86' lang='lat' dir='ltr'>conviciis</span> <span class='ocrx_word' id='word_1_322' title='bbox 605 2290 833 2333; x_wconf 88' lang='lat' dir='ltr'>multorum</span> <span class='ocrx_word' id='word_1_323' title='bbox 860 2290 1090 2333; x_wconf 89' lang='lat' dir='ltr'>deterritus</span> <span class='ocrx_word' id='word_1_324' title='bbox 1112 2305 1207 2332; x_wconf 89' lang='lat' dir='ltr'>eam</span> <span class='ocrx_word' id='word_1_325' title='bbox 1229 2292 1364 2333; x_wconf 85' lang='lat' dir='ltr'>Roma</span> <span class='ocrx_word' id='word_1_326' title='bbox 1383 2290 1544 2333; x_wconf 88' lang='lat' dir='ltr'>dimisit</span> <span class='ocrx_word' id='word_1_327' title='bbox 1562 2290 1650 2333; x_wconf 91' lang='lat' dir='ltr'>Dio</span> <span class='ocrx_word' id='word_1_328' title='bbox 1670 2293 1736 2341; x_wconf 88' lang='lat'>66,</span> <span class='ocrx_word' id='word_1_329' title='bbox 1757 2292 1832 2342; x_wconf 91' lang='lat'>15;</span> <span class='ocrx_word' id='word_1_330' title='bbox 1858 2305 1897 2332; x_wconf 87' lang='lat' dir='ltr'>a.</span> <span class='ocrx_word' id='word_1_331' title='bbox 1919 2290 1975 2333; x_wconf 84' lang='lat'>79</span> <span class='ocrx_word' id='word_1_332' title='bbox 1994 2304 2091 2332; x_wconf 91' lang='lat' dir='ltr'>cum</span> 
     </span>
     <span class='ocr_line' id='line_1_32' title="bbox 372 2357 1956 2413; baseline 0.001 -14"><span class='ocrx_word' id='word_1_333' title='bbox 372 2373 520 2400; x_wconf 90' lang='lat' dir='ltr'>rursus</span> <span class='ocrx_word' id='word_1_334' title='bbox 551 2359 730 2401; x_wconf 85' lang='lat' dir='ltr'>Romam</span> <span class='ocrx_word' id='word_1_335' title='bbox 761 2359 959 2413; x_wconf 88' lang='lat' dir='ltr'>venisset,</span> <span class='ocrx_word' id='word_1_336' title='bbox 991 2374 1140 2401; x_wconf 89' lang='lat' dir='ltr'>rursus</span> <span class='ocrx_word' id='word_1_337' title='bbox 1174 2359 1350 2401; x_wconf 89' lang='lat' dir='ltr'>dimissa</span> <span class='ocrx_word' id='word_1_338' title='bbox 1373 2358 1461 2401; x_wconf 88' lang='lat' dir='ltr'>Dio</span> <span class='ocrx_word' id='word_1_339' title='bbox 1481 2362 1546 2409; x_wconf 91' lang='grc'>66,</span> <span class='ocrx_word' id='word_1_340' title='bbox 1567 2361 1623 2401; x_wconf 89' lang='grc'>18</span> <span class='ocrx_word' id='word_1_341' title='bbox 1631 2371 1645 2410; x_wconf 92' lang='grc'><em>;</em></span> <span class='ocrx_word' id='word_1_342' title='bbox 1672 2357 1788 2402; x_wconf 76' lang='lat' dir='ltr'>Suet.</span> <span class='ocrx_word' id='word_1_343' title='bbox 1815 2358 1895 2402; x_wconf 79' lang='lat' dir='ltr'>Tit.</span> <span class='ocrx_word' id='word_1_344' title='bbox 1915 2358 1956 2401; x_wconf 80' lang='lat'>⁷7.</span> 
     </span>
    </p>
   </div>
   <div class='ocr_carea' id='block_1_4' title="bbox 288 2426 2092 2549">
    <p class='ocr_par' dir='ltr' id='par_1_7' title="bbox 288 2426 2092 2549">
     <span class='ocr_line' id='line_1_33' title="bbox 288 2426 2092 2483; baseline 0.001 -15"><span class='ocrx_word' id='word_1_345' title='bbox 288 2427 371 2468; x_wconf 84' lang='lat'>432</span> <span class='ocrx_word' id='word_1_346' title='bbox 401 2426 547 2479; x_wconf 85' lang='lat' dir='ltr'>(Iulia)</span> <span class='ocrx_word' id='word_1_347' title='bbox 586 2427 815 2481; x_wconf 89' lang='lat' dir='ltr'>Berenice,</span> <span class='ocrx_word' id='word_1_348' title='bbox 869 2426 1004 2481; x_wconf 91' lang='lat' dir='ltr'>(Iulii)</span> <span class='ocrx_word' id='word_1_349' title='bbox 1046 2426 1250 2469; x_wconf 85' lang='lat' dir='ltr'>Archelai</span> <span class='ocrx_word' id='word_1_350' title='bbox 1299 2442 1355 2469; x_wconf 84' lang='lat' dir='ltr'>ex</span> <span class='ocrx_word' id='word_1_351' title='bbox 1400 2426 1672 2481; x_wconf 88' lang='lat' dir='ltr'>Mariamme,</span> <span class='ocrx_word' id='word_1_352' title='bbox 1712 2426 1935 2483; x_wconf 86' lang='lat' dir='ltr'>Agrippae</span> <span class='ocrx_word' id='word_1_353' title='bbox 1977 2427 2092 2481; x_wconf 89' lang='lat' dir='ltr'>regis</span> 
     </span>
     <span class='ocr_line' id='line_1_34' title="bbox 375 2494 1216 2549; baseline 0.004 -14"><span class='ocrx_word' id='word_1_354' title='bbox 375 2509 531 2546; x_wconf 89' lang='lat' dir='ltr'>sorore,</span> <span class='ocrx_word' id='word_1_355' title='bbox 563 2494 651 2536; x_wconf 91' lang='lat' dir='ltr'>filia</span> <span class='ocrx_word' id='word_1_356' title='bbox 681 2494 883 2549; x_wconf 76' lang='lat' dir='ltr'>Iosephus</span> <span class='ocrx_word' id='word_1_357' title='bbox 914 2498 1001 2537; x_wconf 76' lang='lat' dir='ltr'>ant.</span> <span class='ocrx_word' id='word_1_358' title='bbox 1023 2498 1093 2545; x_wconf 88' lang='grc'>20,</span> <span class='ocrx_word' id='word_1_359' title='bbox 1118 2498 1156 2545; x_wconf 89' lang='grc'>7,</span> <span class='ocrx_word' id='word_1_360' title='bbox 1178 2498 1216 2539; x_wconf 93' lang='grc'>1.</span> 
     </span>
    </p>
   </div>
   <div class='ocr_carea' id='block_1_5' title="bbox 290 2561 2100 3368">
    <p class='ocr_par' dir='ltr' id='par_1_8' title="bbox 290 2561 2094 2754">
     <span class='ocr_line' id='line_1_35' title="bbox 290 2561 2092 2617; baseline 0.001 -13"><span class='ocrx_word' id='word_1_361' title='bbox 290 2562 373 2604; x_wconf 83' lang='grc'>433</span> <span class='ocrx_word' id='word_1_362' title='bbox 403 2569 542 2603; x_wconf 88' lang='lat' dir='ltr'>IVLIA</span> <span class='ocrx_word' id='word_1_363' title='bbox 562 2568 781 2604; x_wconf 87' lang='lat' dir='ltr'>CALVINA</span> <span class='ocrx_word' id='word_1_364' title='bbox 803 2562 856 2615; x_wconf 77' lang='lat' dir='ltr'>Q.</span> <span class='ocrx_word' id='word_1_365' title='bbox 878 2562 920 2617; x_wconf 87' lang='lat' dir='ltr'>f.,</span> <span class='ocrx_word' id='word_1_366' title='bbox 954 2563 1001 2605; x_wconf 93' lang='lat' dir='ltr'>L.</span> <span class='ocrx_word' id='word_1_367' title='bbox 1025 2562 1173 2604; x_wconf 89' lang='lat' dir='ltr'>Alfidii</span> <span class='ocrx_word' id='word_1_368' title='bbox 1204 2562 1471 2604; x_wconf 89' lang='lat' dir='ltr'>Herenniani</span> <span class='ocrx_word' id='word_1_369' title='bbox 1502 2576 1587 2607; x_wconf 88' lang='lat' dir='ltr'>cos.</span> <span class='ocrx_word' id='word_1_370' title='bbox 1618 2578 1656 2605; x_wconf 91' lang='lat' dir='ltr'>a.</span> <span class='ocrx_word' id='word_1_371' title='bbox 1682 2563 1758 2605; x_wconf 87' lang='lat'>171</span> <span class='ocrx_word' id='word_1_372' title='bbox 1782 2576 1892 2604; x_wconf 86' lang='lat' dir='ltr'>uxor</span> <span class='ocrx_word' id='word_1_373' title='bbox 1908 2561 1958 2604; x_wconf 91' lang='lat' dir='ltr'><strong><em>X</em></strong></span> <span class='ocrx_word' id='word_1_374' title='bbox 1970 2564 2092 2606; x_wconf 78' lang='lat'>5578.</span> 
     </span>
     <span class='ocr_line' id='line_1_36' title="bbox 292 2629 2094 2685; baseline -0.001 -13"><span class='ocrx_word' id='word_1_375' title='bbox 292 2631 375 2672; x_wconf 88' lang='grc'>434</span> <span class='ocrx_word' id='word_1_376' title='bbox 406 2637 544 2672; x_wconf 83' lang='lat' dir='ltr'>IVLIA</span> <span class='ocrx_word' id='word_1_377' title='bbox 581 2637 823 2673; x_wconf 87' lang='lat' dir='ltr'>CASSIANA</span> <span class='ocrx_word' id='word_1_378' title='bbox 864 2631 921 2673; x_wconf 94' lang='lat' dir='ltr'>D.</span> <span class='ocrx_word' id='word_1_379' title='bbox 963 2630 991 2673; x_wconf 89' lang='lat' dir='ltr'>f.</span> <span class='ocrx_word' id='word_1_380' title='bbox 1031 2631 1220 2685; x_wconf 91' lang='lat' dir='ltr'>(Decimi</span> <span class='ocrx_word' id='word_1_381' title='bbox 1261 2630 1350 2672; x_wconf 90' lang='lat' dir='ltr'>filia</span> <span class='ocrx_word' id='word_1_382' title='bbox 1389 2630 1575 2673; x_wconf 89' lang='lat' dir='ltr'>Casiana</span> <span class='ocrx_word' id='word_1_383' title='bbox 1614 2630 1817 2685; x_wconf 76' lang='lat' dir='ltr'>traditur)</span> <span class='ocrx_word' id='word_1_384' title='bbox 1857 2629 2094 2674; x_wconf 76' lang='lat' dir='ltr'>clarissima</span> 
     </span>
     <span class='ocr_line' id='line_1_37' title="bbox 377 2696 2094 2754; baseline 0.001 -15"><span class='ocrx_word' id='word_1_385' title='bbox 377 2698 536 2740; x_wconf 88' lang='lat' dir='ltr'>femina</span> <span class='ocrx_word' id='word_1_386' title='bbox 567 2696 831 2752; x_wconf 80' lang='lat' dir='ltr'>(sequebatur</span> <span class='ocrx_word' id='word_1_387' title='bbox 872 2702 946 2741; x_wconf 79' lang='lat' dir='ltr'>aut</span> <span class='ocrx_word' id='word_1_388' title='bbox 979 2713 1128 2742; x_wconf 84' lang='lat' dir='ltr'>nonien</span> <span class='ocrx_word' id='word_1_389' title='bbox 1166 2699 1315 2741; x_wconf 80' lang='lat' dir='ltr'>mariti</span> <span class='ocrx_word' id='word_1_390' title='bbox 1354 2702 1429 2741; x_wconf 79' lang='lat' dir='ltr'>aut</span> <span class='ocrx_word' id='word_1_391' title='bbox 1458 2699 1602 2741; x_wconf 79' lang='lat' dir='ltr'>domus</span> <span class='ocrx_word' id='word_1_392' title='bbox 1640 2699 1687 2741; x_wconf 91' lang='lat' dir='ltr'>in</span> <span class='ocrx_word' id='word_1_393' title='bbox 1726 2698 1972 2754; x_wconf 73' lang='lat' dir='ltr'>apoyrapho</span> <span class='ocrx_word' id='word_1_394' title='bbox 2006 2712 2094 2741; x_wconf 84' lang='lat' dir='ltr'>cor-</span> 
     </span>
    </p>

    <p class='ocr_par' dir='ltr' id='par_1_9' title="bbox 339 2766 1559 2822">
     <span class='ocr_line' id='line_1_38' title="bbox 339 2766 1559 2822; baseline -0.001 -12"><span class='ocrx_word' id='word_1_395' title='bbox 339 2807 341 2810; x_wconf 90' lang='lat'>.</span> <span class='ocrx_word' id='word_1_396' title='bbox 377 2766 521 2821; x_wconf 79' lang='lat' dir='ltr'>rupta)</span> <span class='ocrx_word' id='word_1_397' title='bbox 554 2770 580 2808; x_wconf 79' lang='lat' dir='ltr'>t.</span> <span class='ocrx_word' id='word_1_398' title='bbox 611 2767 915 2821; x_wconf 82' lang='lat' dir='ltr'>Olisiponensis</span> <span class='ocrx_word' id='word_1_399' title='bbox 943 2767 1067 2810; x_wconf 80' lang='lat' dir='ltr'>semel</span> <span class='ocrx_word' id='word_1_400' title='bbox 1097 2768 1328 2822; x_wconf 74' lang='lat' dir='ltr'>descriptus</span> <span class='ocrx_word' id='word_1_401' title='bbox 1356 2767 1418 2814; x_wconf 92' lang='lat' dir='ltr'>II</span> <span class='ocrx_word' id='word_1_402' title='bbox 1438 2771 1559 2810; x_wconf 81' lang='lat'><em>4994.</em></span> 
     </span>
    </p>

    <p class='ocr_par' dir='ltr' id='par_1_10' title="bbox 294 2833 2094 2960">
     <span class='ocr_line' id='line_1_39' title="bbox 294 2833 2094 2889; baseline -0.001 -12"><span class='ocrx_word' id='word_1_403' title='bbox 294 2835 376 2877; x_wconf 87' lang='grc'>435</span> <span class='ocrx_word' id='word_1_404' title='bbox 408 2841 547 2876; x_wconf 90' lang='lat' dir='ltr'>IVLIA</span> <span class='ocrx_word' id='word_1_405' title='bbox 578 2841 810 2877; x_wconf 88' lang='lat' dir='ltr'>CHILONIS</span> <span class='ocrx_word' id='word_1_406' title='bbox 842 2836 893 2878; x_wconf 89' lang='lat' dir='ltr'>T.</span> <span class='ocrx_word' id='word_1_407' title='bbox 924 2836 974 2889; x_wconf 89' lang='lat' dir='ltr'>f.‚</span> <span class='ocrx_word' id='word_1_408' title='bbox 1013 2835 1250 2878; x_wconf 88' lang='lat' dir='ltr'>clarissima</span> <span class='ocrx_word' id='word_1_409' title='bbox 1277 2835 1457 2889; x_wconf 90' lang='lat' dir='ltr'>femina,</span> <span class='ocrx_word' id='word_1_410' title='bbox 1500 2835 1659 2876; x_wconf 89' lang='lat' dir='ltr'>coniux</span> <span class='ocrx_word' id='word_1_411' title='bbox 1687 2834 1753 2876; x_wconf 91' lang='lat' dir='ltr'>Ti.</span> <span class='ocrx_word' id='word_1_412' title='bbox 1785 2833 1957 2879; x_wconf 84' lang='lat' dir='ltr'>Claudii</span> <span class='ocrx_word' id='word_1_413' title='bbox 1987 2835 2094 2879; x_wconf 81' lang='lat' dir='ltr'>Gor-</span> 
     </span>
     <span class='ocr_line' id='line_1_40' title="bbox 380 2902 1717 2960; baseline 0.001 -17"><span class='ocrx_word' id='word_1_414' title='bbox 380 2902 497 2944; x_wconf 90' lang='lat' dir='ltr'>diani</span> <span class='ocrx_word' id='word_1_415' title='bbox 527 2902 656 2957; x_wconf 91' lang='lat' dir='ltr'>legati</span> <span class='ocrx_word' id='word_1_416' title='bbox 686 2902 799 2958; x_wconf 85' lang='lat' dir='ltr'>Aug.</span> <span class='ocrx_word' id='word_1_417' title='bbox 831 2919 908 2959; x_wconf 92' lang='lat' dir='ltr'>pro</span> <span class='ocrx_word' id='word_1_418' title='bbox 940 2920 1004 2960; x_wconf 90' lang='lat' dir='ltr'>pr.</span> <span class='ocrx_word' id='word_1_419' title='bbox 1035 2919 1156 2960; x_wconf 80' lang='lat' dir='ltr'>prov,</span> <span class='ocrx_word' id='word_1_420' title='bbox 1186 2903 1417 2946; x_wconf 86' lang='lat' dir='ltr'>Numidiae</span> <span class='ocrx_word' id='word_1_421' title='bbox 1449 2902 1572 2947; x_wconf 91' lang='lat' dir='ltr'><strong><em>VIII</em></strong></span> <span class='ocrx_word' id='word_1_422' title='bbox 1592 2903 1717 2945; x_wconf 86' lang='grc'><em>8326.</em></span> 
     </span>
    </p>

    <p class='ocr_par' dir='ltr' id='par_1_11' title="bbox 297 2968 2100 3368">
     <span class='ocr_line' id='line_1_41' title="bbox 297 2968 2097 3027; baseline -0.001 -13"><span class='ocrx_word' id='word_1_423' title='bbox 297 2972 380 3014; x_wconf 86' lang='grc'>436</span> <span class='ocrx_word' id='word_1_424' title='bbox 409 2977 548 3012; x_wconf 89' lang='lat' dir='ltr'>IVLIA</span> <span class='ocrx_word' id='word_1_425' title='bbox 579 2977 833 3012; x_wconf 86' lang='lat' dir='ltr'>CORNELIA</span> <span class='ocrx_word' id='word_1_426' title='bbox 862 2978 1026 3014; x_wconf 88' lang='lat' dir='ltr'>PAVLA</span> <span class='ocrx_word' id='word_1_427' title='bbox 1056 2978 1169 3014; x_wconf 88' lang='lat' dir='ltr'>AVG.</span> <span class='ocrx_word' id='word_1_428' title='bbox 1214 2971 1289 3015; x_wconf 81' lang='lat' dir='ltr'>Sic</span> <span class='ocrx_word' id='word_1_429' title='bbox 1310 2975 1338 3014; x_wconf 78' lang='lat' dir='ltr'>t.</span> <span class='ocrx_word' id='word_1_430' title='bbox 1361 2971 1603 3025; x_wconf 81' lang='lat' dir='ltr'>Campanus</span> <span class='ocrx_word' id='word_1_431' title='bbox 1627 2970 1675 3013; x_wconf 92' lang='lat' dir='ltr'><strong><em>X</em></strong></span> <span class='ocrx_word' id='word_1_432' title='bbox 1691 2973 1810 3020; x_wconf 87' lang='grc'><em>4554,</em></span> <span class='ocrx_word' id='word_1_433' title='bbox 1833 2969 1978 3013; x_wconf 85' lang='grc' dir='ltr'>Ἰουλία</span> <span class='ocrx_word' id='word_1_434' title='bbox 1996 2968 2097 3027; x_wconf 86' lang='grc' dir='ltr'><strong>Κορ-</strong></span> 
     </span>
     <span class='ocr_line' id='line_1_42' title="bbox 382 3036 2099 3096; baseline -0.002 -14"><span class='ocrx_word' id='word_1_435' title='bbox 382 3040 496 3096; x_wconf 82' lang='grc' dir='ltr'>νηλία</span> <span class='ocrx_word' id='word_1_436' title='bbox 517 3039 658 3082; x_wconf 78' lang='grc' dir='ltr'>Παδλα</span> <span class='ocrx_word' id='word_1_437' title='bbox 675 3041 835 3081; x_wconf 81' lang='lat' dir='ltr'>nummi</span> <span class='ocrx_word' id='word_1_438' title='bbox 854 3041 1022 3082; x_wconf 77' lang='lat' dir='ltr'>urbium</span> <span class='ocrx_word' id='word_1_439' title='bbox 1044 3040 1309 3083; x_wconf 77' lang='lat' dir='ltr'>Graecarum</span> <span class='ocrx_word' id='word_1_440' title='bbox 1330 3055 1398 3095; x_wconf 81' lang='lat' dir='ltr'>ap.</span> <span class='ocrx_word' id='word_1_441' title='bbox 1419 3039 1580 3083; x_wconf 81' lang='lat' dir='ltr'>thhel</span> <span class='ocrx_word' id='word_1_442' title='bbox 1600 3042 1628 3081; x_wconf 88' lang='grc'><em>7</em></span> <span class='ocrx_word' id='word_1_443' title='bbox 1645 3054 1692 3093; x_wconf 89' lang='lat' dir='ltr'>p.</span> <span class='ocrx_word' id='word_1_444' title='bbox 1709 3041 1816 3089; x_wconf 83' lang='grc'><em>258,</em></span> <span class='ocrx_word' id='word_1_445' title='bbox 1830 3037 1943 3080; x_wconf 87' lang='lat' dir='ltr'>Iulia</span> <span class='ocrx_word' id='word_1_446' title='bbox 1962 3036 2099 3080; x_wconf 89' lang='lat' dir='ltr'>Paula</span> 
     </span>
     <span class='ocr_line' id='line_1_43' title="bbox 382 3106 2097 3164; baseline -0.001 -14"><span class='ocrx_word' id='word_1_447' title='bbox 382 3109 542 3150; x_wconf 78' lang='lat' dir='ltr'>nummi</span> <span class='ocrx_word' id='word_1_448' title='bbox 559 3108 747 3150; x_wconf 82' lang='lat' dir='ltr'>Romani</span> <span class='ocrx_word' id='word_1_449' title='bbox 775 3109 849 3163; x_wconf 68' lang='lat' dir='ltr'>(ib.</span> <span class='ocrx_word' id='word_1_450' title='bbox 882 3112 920 3150; x_wconf 80' lang='lat' dir='ltr'>et</span> <span class='ocrx_word' id='word_1_451' title='bbox 945 3109 1060 3163; x_wconf 77' lang='lat' dir='ltr'>apud</span> <span class='ocrx_word' id='word_1_452' title='bbox 1085 3109 1252 3152; x_wconf 80' lang='lat' dir='ltr'>Cohen²</span> <span class='ocrx_word' id='word_1_453' title='bbox 1266 3124 1313 3163; x_wconf 87' lang='lat' dir='ltr'>p.</span> <span class='ocrx_word' id='word_1_454' title='bbox 1335 3113 1416 3151; x_wconf 88' lang='grc'>376</span> <span class='ocrx_word' id='word_1_455' title='bbox 1435 3111 1533 3164; x_wconf 77' lang='lat' dir='ltr'>seq.)</span> <span class='ocrx_word' id='word_1_456' title='bbox 1563 3109 1750 3163; x_wconf 85' lang='lat' dir='ltr'>itemque</span> <span class='ocrx_word' id='word_1_457' title='bbox 1783 3106 1926 3150; x_wconf 80' lang='grc' dir='ltr'>Ἰουλία</span> <span class='ocrx_word' id='word_1_458' title='bbox 1955 3106 2097 3150; x_wconf 82' lang='grc' dir='ltr'>Παΰλα</span> 
     </span>
     <span class='ocr_line' id='line_1_44' title="bbox 387 3173 2098 3235; baseline -0.001 -16"><span class='ocrx_word' id='word_1_459' title='bbox 387 3177 480 3235; x_wconf 86' lang='grc' dir='ltr'><em>Σεβ.</em></span> <span class='ocrx_word' id='word_1_460' title='bbox 519 3177 679 3218; x_wconf 82' lang='lat' dir='ltr'>numm-i</span> <span class='ocrx_word' id='word_1_461' title='bbox 718 3176 1005 3218; x_wconf 72' lang='lat' dir='ltr'>Alexandrini</span> <span class='ocrx_word' id='word_1_462' title='bbox 1041 3181 1080 3219; x_wconf 79' lang='lat' dir='ltr'>et</span> <span class='ocrx_word' id='word_1_463' title='bbox 1110 3177 1295 3219; x_wconf 84' lang='lat' dir='ltr'>aliarum</span> <span class='ocrx_word' id='word_1_464' title='bbox 1325 3176 1592 3231; x_wconf 77' lang='lat' dir='ltr'>quarundam</span> <span class='ocrx_word' id='word_1_465' title='bbox 1621 3175 1866 3226; x_wconf 80' lang='lat' dir='ltr'>civitatium,</span> <span class='ocrx_word' id='word_1_466' title='bbox 1897 3173 2098 3231; x_wconf 82' lang='grc' dir='ltr'>Κορνηλία</span> 
     </span>
     <span class='ocr_line' id='line_1_45' title="bbox 386 3242 2098 3299; baseline -0.002 -12"><span class='ocrx_word' id='word_1_467' title='bbox 386 3244 527 3287; x_wconf 85' lang='grc' dir='ltr'>Παῦλα</span> <span class='ocrx_word' id='word_1_468' title='bbox 556 3258 747 3285; x_wconf 78' lang='lat' dir='ltr'>nummus</span> <span class='ocrx_word' id='word_1_469' title='bbox 776 3244 986 3298; x_wconf 76' lang='lat' dir='ltr'>Ephesius</span> <span class='ocrx_word' id='word_1_470' title='bbox 1016 3260 1083 3299; x_wconf 86' lang='lat' dir='ltr'>ap.</span> <span class='ocrx_word' id='word_1_471' title='bbox 1117 3246 1312 3287; x_wconf 80' lang='lat' dir='ltr'>Mionnet</span> <span class='ocrx_word' id='word_1_472' title='bbox 1341 3245 1429 3287; x_wconf 91' lang='lat' dir='ltr'>III</span> <span class='ocrx_word' id='word_1_473' title='bbox 1444 3259 1491 3299; x_wconf 91' lang='lat' dir='ltr'>p.</span> <span class='ocrx_word' id='word_1_474' title='bbox 1512 3247 1593 3286; x_wconf 86' lang='lat'>113</span> <span class='ocrx_word' id='word_1_475' title='bbox 1621 3258 1660 3286; x_wconf 93' lang='lat' dir='ltr'>n.</span> <span class='ocrx_word' id='word_1_476' title='bbox 1682 3246 1776 3293; x_wconf 88' lang='grc'><em>385,</em></span> <span class='ocrx_word' id='word_1_477' title='bbox 1803 3246 1831 3285; x_wconf 81' lang='lat' dir='ltr'>t.</span> <span class='ocrx_word' id='word_1_478' title='bbox 1866 3242 2098 3292; x_wconf 79' lang='lat' dir='ltr'>Serdensis,</span> 
     </span>
     <span class='ocr_line' id='line_1_46' title="bbox 388 3308 2100 3368; baseline -0.001 -14"><span class='ocrx_word' id='word_1_479' title='bbox 388 3311 503 3354; x_wconf 81' lang='lat' dir='ltr'>arch.</span> <span class='ocrx_word' id='word_1_480' title='bbox 529 3326 591 3366; x_wconf 89' lang='lat' dir='ltr'>ep.</span> <span class='ocrx_word' id='word_1_481' title='bbox 615 3311 760 3354; x_wconf 81' lang='lat' dir='ltr'>Mitth.</span> <span class='ocrx_word' id='word_1_482' title='bbox 783 3315 891 3355; x_wconf 88' lang='grc'><em>1886</em></span> <span class='ocrx_word' id='word_1_483' title='bbox 910 3327 959 3367; x_wconf 90' lang='lat' dir='ltr'>p.</span> <span class='ocrx_word' id='word_1_484' title='bbox 973 3315 1071 3363; x_wconf 87' lang='grc'><em>238,</em></span> <span class='ocrx_word' id='word_1_485' title='bbox 1098 3313 1186 3356; x_wconf 89' lang='lat' dir='ltr'>Dio</span> <span class='ocrx_word' id='word_1_486' title='bbox 1210 3317 1273 3364; x_wconf 84' lang='lat'>79,</span> <span class='ocrx_word' id='word_1_487' title='bbox 1297 3316 1322 3355; x_wconf 86' lang='lat'><em>9</em></span> <span class='ocrx_word' id='word_1_488' title='bbox 1344 3312 1518 3368; x_wconf 81' lang='lat' dir='ltr'>(Herod.</span> <span class='ocrx_word' id='word_1_489' title='bbox 1539 3315 1578 3362; x_wconf 88' lang='grc'>5,</span> <span class='ocrx_word' id='word_1_490' title='bbox 1600 3315 1626 3354; x_wconf 92' lang='grc'><em>6</em></span> <span class='ocrx_word' id='word_1_491' title='bbox 1655 3325 1803 3354; x_wconf 84' lang='lat' dir='ltr'>nomen</span> <span class='ocrx_word' id='word_1_492' title='bbox 1839 3324 1924 3353; x_wconf 87' lang='lat' dir='ltr'>non</span> <span class='ocrx_word' id='word_1_493' title='bbox 1944 3308 2100 3365; x_wconf 82' lang='lat' dir='ltr'>ponit).</span> 
     </span>
    </p>
   </div>
  </div>
 </body>
</html>
