2202 3724
142 293 312 329 IVNIVS
1005 286 1088 329 247
1782 292 1950 328 IVNIVS

143 425 226 467 550
257 423 328 478 (M.
359 430 529 466 IVNIVS
562 425 792 479 SILANVS)
832 431 956 481 pater
985 423 1045 466 M.
1077 424 1193 466 Iunii
1226 423 1362 466 Silani
1392 423 1583 466 consulis
1621 439 1658 466 a.
1689 438 1730 480 p.
1763 423 1865 466 Chr.
1899 424 1951 466 19

229 491 300 546 (ef.
331 493 408 535 sub
439 493 552 547 filio,
586 494 705 547 infra
742 508 784 535 n.
815 492 942 547 552),·
980 493 1116 547 ipsius
1143 492 1264 534 nulla
1301 493 1467 535 mentio.
1526 492 1589 535 Ei
1615 495 1792 547 nuptam
1822 492 1954 545 fuisse

227 560 464 603 Domitiam
491 561 735 612 Caluinam,
768 565 1000 615 propterea
1028 560 1139 614 quod
1167 576 1218 603 ex
1252 561 1447 615 neptibus
1477 561 1566 602 eius
1596 560 1735 602 altera
1765 559 1954 614 appella-

228 629 355 671 batur
382 630 514 672 Iunia
541 630 743 681 Calvina,
776 630 951 671 coniecit
981 630 1222 672 Mommsen
1251 629 1323 684 (ef.
1353 642 1487 683 supra
1515 629 1591 670 sub
1622 628 1818 671 Domitia
1855 628 1954 670 Cal-

227 698 339 748 vina,
371 697 429 740 D.
451 701 561 754 150).
594 723 644 728 —
674 697 879 739 Fortasse
917 698 1034 752 filius
1069 698 1158 740 eius
1198 697 1271 751 qui
1300 697 1534 751 praeeedit.
1596 698 1784 741 Stemma
1813 699 1955 751 potest

227 766 358 820 fuisse
387 766 486 808 hoe:

962 820 1010 855 D.
1035 819 1188 856 Silanus

963 912 1014 948 M.
1039 867 1190 948 Si'lanus

470 1004 520 1039 M.
546 1003 699 1040 Silanus
726 1006 773 1046 (n.
799 1007 881 1049 549)
1169 1004 1212 1039 L.
1242 1003 1393 1039 Silanus
1420 1007 1466 1046 (n.
1492 1006 1574 1043 547)

563 1061 637 1085 cos.
665 1060 699 1101 a.
725 1051 792 1086 729
1068 1050 1286 1085 consulatus
1310 1049 1451 1095 petitor
1479 1050 1518 1084 in
1543 1061 1576 1085 a.
1602 1050 1669 1085 733

372 1142 438 1188 [M.
463 1140 630 1187 Silanus]
655 1165 697 1177 ψ
722 1140 889 1177 Domitia
915 1140 1104 1177 Calvina?

417 1233 466 1268 M.
489 1232 640 1268 Silanus
667 1236 715 1274 (n.
733 1234 814 1277 552)
842 1255 885 1267 ψ
909 1231 1075 1268 Aemilia
1097 1231 1246 1277 Lepida
1269 1232 1465 1278 proneptis
1490 1231 1657 1278 Augusti

445 1290 518 1314 cos.
541 1290 574 1313 a.
589 1290 625 1324 p.
643 1277 730 1314 Chr.
750 1280 792 1315 19
870 1279 876 1347 Ι

239 1348 1920 1370 ae——fflss—

236 1382 286 1417 M.
312 1382 463 1418 Silanus
491 1384 538 1426 (n.
555 1383 636 1424 553)
686 1381 732 1416 D.
758 1381 911 1417 Silanus
936 1380 1029 1416 Tor·
1076 1380 1121 1416 L.
1143 1379 1295 1415 Silanus
1313 1380 1405 1416 Tor·
1454 1381 1561 1417 Iunia
1579 1381 1649 1416 Le·
1721 1380 1832 1415 Iunia
1849 1379 1932 1415 Cal-

259 1428 427 1474 abnepos
443 1426 610 1474 Augusti
704 1429 843 1474 quatus
861 1430 910 1472 (n.
926 1429 1023 1469 5559·
1089 1430 1227 1473 quatus
1247 1431 1294 1470 (n.
1307 1430 1385 1469 559)
1412 1427 1503 1473 pida
1520 1429 1568 1471 (n.
1586 1430 1665 1469 575)
1692 1427 1783 1462 vina
1803 1430 1850 1468 (n.
1869 1429 1954 1468 570)

220 1477 334 1509 natus
351 1484 384 1508 a.
398 1474 451 1518 14,
477 1485 552 1509 cos.
571 1484 603 1509 a.
616 1474 662 1509 46
769 1485 842 1509 cos,
860 1484 894 1508 a.
909 1474 954 1509 53

144 1566 189 1602 L.
207 1565 359 1602 Silanus
377 1521 596 1612 Toiquatus
620 1568 668 1607 (n.
685 1567 768 1606 560)

321 1611 466 1647 occisus
492 1622 524 1646 a.
541 1612 597 1647 65.

149 1684 229 1725 551
262 1688 317 1724 Μ.
348 1687 517 1723 IVNIVS
551 1687 760 1722 SILANVS
802 1680 850 1724 C.
883 1680 933 1735 ᾗ,
976 1681 1125 1723 consul
1165 1696 1203 1724 a.
1238 1682 1304 1723 15.
1349 1704 1400 1710 —-
1438 1679 1498 1722 M.
1531 1679 1704 1722 Silanus
1735 1679 1784 1724 C.
1815 1679 1844 1722 f.
1877 1683 1958 1722 aot.

229 1750 334 1792 Arv.
366 1749 435 1792 VI
454 1751 572 1793 2028
602 1763 623 1790 e
651 1752 716 1799 35,
736 1752 966 1803 praeterea
994 1749 1054 1792 M.
1077 1749 1263 1793 Silanus.
1285 1773 1342 1778 —
1361 1748 1566 1790 Fortasse
1586 1749 1724 1802 frater
1747 1748 1793 1790 C.
1816 1748 1962 1791 Silani

229 1833 363 1873 supra
395 1832 438 1860 n.
468 1820 570 1868 545,
609 1821 658 1859 ut
695 1817 763 1859 hie
799 1818 1063 1873 siqnifteetur
1093 1833 1162 1872 ap.
1200 1818 1298 1860 Tae.
1331 1832 1370 1859 a.
1401 1821 1440 1868 3,
1470 1820 1526 1859 67
1553 1817 1665 1859 inter
1703 1818 1962 1859 necessarios

228 1886 274 1931 O.
313 1886 460 1930 Silani
496 1886 569 1940 qui
608 1900 699 1927 eum
729 1885 1048 1940 periclitantem
1088 1881 1199 1928 anno
1238 1889 1302 1929 22
1336 1887 1429 1928 non
1462 1886 1666 1935 iuverint,
1709 1899 1961 1939 quamquam

230 1949 500 1997 memorabile
530 1957 590 1996 est
619 1955 708 1996 eius
730 1955 947 2008 potentiae
978 1955 1094 2009 apud
1119 1955 1334 1998 Tiberium
1356 1954 1670 1996 damnationem
1696 1955 1851 2007 fratris
1879 1969 1963 1996 non

233 2024 440 2078 obfuisse;
479 2026 587 2064 certe
623 2023 762 2076 frater
801 2022 860 2066 D.
892 2023 1039 2067 Silani
1068 2021 1140 2078 (ef.
1169 2022 1322 2078 infra).
1391 2021 1554 2066 Consul
1593 2023 1798 2065 suffectus
1838 2038 1874 2064 a.
1910 2024 1961 2065 15

233 2107 288 2134 ex
318 2091 406 2134 kal.
438 2091 562 2134 Iuliis
592 2106 691 2133 cum
721 2091 866 2133 Druso
898 2091 1085 2134 Caesare
1115 2093 1223 2146 fasti
1248 2092 1448 2134 Antiates
1478 2091 1548 2147 (X
1564 2090 1688 2140 6639)
1721 2091 1775 2145 ef.
1807 2091 1841 2133 I
1865 2095 1961 2134 762.

235 2163 325 2204 763.
386 2159 576 2202 Multum
604 2159 723 2202 Valet
751 2160 866 2216 apud
896 2160 1122 2203 Tiberium
1151 2160 1240 2203 Dio
1266 2163 1334 2211 59,
1364 2163 1405 2204 8.
1464 2160 1572 2202 Eius
1602 2160 1796 2216 poten-tia
1824 2158 1962 2201 fretus

229 2229 287 2271 D.
318 2227 490 2272 Silanus
529 2227 665 2271 frater
705 2229 797 2270 eius
837 2230 1009 2271 veniam
1050 2228 1169 2271 exilii
1206 2235 1411 2285 precatur
1449 2243 1488 2271 a.
1519 2230 1574 2271 20
1616 2228 1714 2270 Tae.
1747 2242 1787 2270 a.
1818 2231 1857 2282 3,
1892 2231 1962 2271 24.

232 2297 287 2340 Α.
310 2299 364 2340 22
397 2303 544 2339 censet
572 2298 617 2339 in
648 2303 813 2351 senatu,
845 2304 894 2339 ut
922 2312 1009 2339 non
1041 2297 1268 2340 consulum
1299 2296 1372 2339 sed
1404 2311 1553 2339 eorum
1582 2297 1658 2352 qui
1688 2296 1963 2338 tribuniciam

234 2372 490 2422 potestatem
520 2371 721 2420 gererent
740 2367 917 2407 nomina
934 2367 1223 2408 monumentis
1244 2365 1643 2423 praescriberentur
1667 2365 1766 2407 Tae.
1789 2379 1830 2406 a.
1850 2367 1889 2415 3,
1911 2367 1969 2406 57

236 2434 339 2489 (nisi
366 2434 434 2476 hie
464 2434 723 2489 intelleyitur
747 2435 785 2476 is
806 2435 880 2488 qui
898 2424 1116 2490 sequitu&
1156 2435 1278 2477 Inter
1310 2434 1485 2478 Silanos
1515 2449 1555 2479 a.
1577 2437 1636 2478 32
1664 2434 1892 2475 sententias
1921 2433 1967 2473 in

233 2506 383 2546 senatu
423 2502 604 2545 dieentes
642 2502 752 2544 hune
783 2503 1052 2557 potissimum
1088 2503 1304 2558 siynifieat
1338 2503 1436 2545 Tae.
1466 2506 1513 2553 6,
1544 2506 1588 2546 2.
1647 2501 1689 2544 Α
1719 2500 1966 2543 consulibus

236 2572 401 2628 primus
430 2570 688 2628 plerumque
708 2571 965 2613 sententiam
986 2577 1166 2626 rogatur
1185 2570 1274 2613 Dio
1293 2574 1360 2622 59,
1383 2574 1423 2616 8.
1468 2570 1627 2613 Filiam
1647 2571 1817 2613 Iuniam
1839 2569 1963 2613 Clau-

235 2639 385 2682 dillam
414 2638 486 2681 vel
507 2638 733 2682 Claudiam
754 2638 936 2681 collocat
958 2638 1006 2682 C.
1033 2638 1208 2682 Caesari
1230 2639 1297 2684 Ti.
1319 2639 1466 2695 nepoti
1497 2654 1536 2682 a.
1558 2640 1613 2682 23
1640 2638 1738 2682 Tae.
1762 2653 1802 2680 a.
1825 2642 1862 2688 6,
1885 2641 1967 2687 20,-

237 2708 353 2752 Suet.
382 2707 476 2751 Cal.
497 2711 578 2759 12;
608 2708 663 2762 cf.
701 2708 799 2750 Tac.
823 2722 863 2750 a.
885 2711 924 2758 6,
945 2710 1010 2750 45.
1070 2709 1243 2752 Genero
1271 2708 1354 2749 iam
1387 2708 1573 2764 principi
1603 2707 1820 2756 molestus,
1854 2713 1967 2762 post-

237 2790 366 2833 quam
394 2776 465 2818 hic
495 2775 660 2818 frustra
688 2776 1007 2818 accusationem
1040 2777 1078 2817 ei
1109 2782 1329 2818 struxerat
1354 2776 1453 2818 Tae.
1475 2776 1584 2830 ΑΨ.
1606 2780 1645 2826 4,
1668 2775 1723 2817 ad
1744 2790 1892 2816 necem
1914 2774 1968 2816 ab

237 2859 286 2896 eo
307 2843 553 2901 compulsus
574 2844 704 2886 Philo
727 2844 803 2899 leq.
827 2844 886 2886 acl
907 2844 1068 2887 Gaium
1098 2859 1132 2886 e.
1154 2848 1180 2887 9
1201 2859 1249 2898 p.
1270 2847 1466 2887 554-556
1487 2844 1819 2902 (δολοφονεῖται);
1850 2843 1966 2885 Suet.

241 2912 334 2957 Gal.
363 2915 444 2964 23;
473 2912 561 2955 Dio
589 2915 656 2963 59,
689 2915 741 2964 8;
770 2913 824 2967 ef.
857 2912 1019 2955 Seneca
1049 2927 1167 2967 apoe.
1199 2916 1264 2956 11.
1325 2913 1481 2955 Frater
1506 2912 1706 2966 Arvalis3
1748 2913 1791 2953 in
1827 2911 1967 2952 locum

239 2983 332 3024 eius
371 2980 483 3023 alius
522 2981 727 3023 suffectus
765 2981 807 3024 d.
838 2982 894 3024 24
933 2981 1022 3023 Mai
1063 2982 1118 3024 38
1160 2984 1240 3024 aet.
1276 2982 1380 3025 Arv.
1416 3005 1474 3011 —
1514 2981 1768 3035 Siqnifteari
1804 2979 1970 3020 ridetur

239 3051 368 3102 etiam
402 3050 501 3092 Tae.
535 3063 576 3091 a.
605 3052 644 3100 5,
672 3045 740 3093 10.
983 3044 985 3046 ’

154 3119 237 3162 552
267 3125 330 3161 M:
341 3124 509 3160 IVNIVS
542 3123 753 3160 SILANVS
784 3118 844 3162 M.
866 3118 896 3160 f.
923 3119 994 3172 (M.
1016 3124 1185 3160 IVNIVS
1217 3124 1426 3160 SILANVS
1458 3116 1784 3170 TORQVATVS)‚
1818 3114 1968 3157 consul

145 3191 147 3193 ’
240 3181 364 3229 a.19.
383 3211 442 3216 —
460 3186 522 3230 M.
544 3182 721 3229 Silanus
739 3187 928 3240 passim‚·
958 3187 1146 3233 Σειλανὸς
1168 3186 1418 3244 Τορκουᾶτος
1449 3189 1477 3227 t.
1501 3185 1618 3240 filiae
1646 3184 1799 3227 C'IAtt.
1821 3187 1860 3233 3,
1884 3186 1972 3227 872

242 3253 352 3306 (eum
364 3257 593 3309 praeterea
616 3268 824 3308 nusquam
846 3255 1084 3308 Torquatus
1104 3254 1351 3309 appelletur,
1371 3269 1423 3296 ne
1441 3255 1487 3295 in
1507 3253 1788 3295 mentionibus
1807 3251 1970 3305 quidem

243 3323 505 3373 consulatus,
545 3323 636 3376 ipse
669 3322 767 3364 dwm
799 3324 845 3365 in
877 3324 982 3365 vivis
1017 3326 1111 3365 erat
1130 3323 1192 3364 >id
1226 3337 1449 3376 eoynomen
1483 3336 1568 3363 non
1600 3321 1763 3363 videtur
1790 3334 1971 3374 usurpa-

240 3392 377 3447 visse).
423 3390 573 3433 Marei
600 3390 737 3446 filium
766 3392 899 3446 fuisse
929 3391 1138 3433 consulem
1169 3405 1208 3433 a.
1232 3394 1284 3433 19
1319 3394 1527 3432 testantur
1555 3389 1644 3431 Dio
1674 3388 1761 3430 ind.
1794 3388 1820 3430 l.
1849 3391 1907 3430 57
1934 3391 1972 3430 et
