2190 3724
133 267 344 305 FVLVIVS
1011 262 1067 305 95
1728 266 1940 303 FVLVIVS

303 398 514 441 Macriani
544 398 658 442 filius
688 399 833 442 iunior
862 399 1062 443 Zonaras
1081 403 1151 450 12,
1173 403 1242 444 24.
1298 398 1436 455 Capto
1461 399 1696 444 Valeriano
1727 415 1814 442 una
1843 415 1942 442 cum

219 466 354 509 fratre
384 467 445 521 (et
464 468 604 524 patre)
635 469 869 524 imperator
893 468 1136 525 appellatus
1158 469 1254 523 triy.
1280 472 1358 523 tyr.
1380 472 1450 520 12,
1471 473 1549 521 12,·
1579 473 1644 521 14,
1666 473 1715 520 1;
1746 469 1944 512 Zonaras

218 539 288 586 12,
308 539 367 579 24
397 535 518 590 (olim
549 536 750 579 tribunus
781 553 808 579 a
836 536 1067 580 Valeriano
1104 537 1242 580 factus
1274 538 1372 592 triy.
1404 541 1483 593 tyr.
1510 542 1580 590 12,
1603 539 1688 593 10).
1747 537 1789 580 A
1819 543 1942 593 patre

218 605 263 646 in
293 604 474 648 Oriente
514 605 709 659 relictus,
755 612 803 648 ut
843 605 1004 648 bellum
1040 612 1191 648 contra
1231 606 1387 648 Persas
1423 614 1594 661 gereret
1623 607 1821 650 Zonaras
1850 606 1876 650 l.
1908 621 1942 650 e.

218 674 400 716 Emesae
419 673 475 716 ab
501 673 729 716 Odenatho
751 673 951 716 obsessus
973 678 1170 728 excerpta
1180 678 1282 729 post
1296 674 1479 718 Dionem
1498 675 1604 727 (Dio
1626 675 1688 718 ed.
1705 675 1942 729 Dindors'5

219 757 267 796 p.
287 742 392 796 225)
423 743 478 796 cf.
511 742 710 785 Zonaras
741 742 767 784 l.
790 756 850 794 c.‚·
879 741 934 784 ab
965 742 1193 799 oppidanis
1222 744 1390 785 occisus
1421 745 1502 795 ib.;
1530 745 1601 789 vit.
1630 743 1816 787 Gallien.
1835 747 1875 793 3,
1898 748 1941 788 2.

216 810 484 853 Memoratur
503 810 662 853 Polem.
685 811 790 854 Silv.
818 811 961 854 latere.
993 812 1079 866 (ap.
1103 811 1341 854 Mommsen
1370 812 1511 855 chron.
1533 814 1633 855 min.
1654 813 1688 856 I
1701 828 1750 867 p.
1769 813 1885 867 521).

131 879 215 921 373
245 885 286 923 C.
316 885 529 922 FVLVIVS
561 886 717 922 LVPVS
749 886 1098 930 SERVILIANVS,
1126 879 1176 923 C.
1198 880 1240 934 f.,
1274 880 1391 923 tribu
1413 881 1530 924 Volt.
1552 882 1736 936 (origine
1756 881 1942 923 Nemau-

217 948 395 1002 sensis);
432 948 673 1004 praefectus
713 947 806 990 alae
847 948 1171 1003 Longinianae3
1222 948 1416 991 adlectus
1457 951 1568 992 inter
1608 949 1847 1007 praetorios
1886 947 1943 990 ab

216 1017 316 1072 imp.
349 1016 642 1072 Vespasianoz,
674 1018 718 1059 in
749 1017 891 1073 patria
920 1018 1193 1073 quattuorvir
1217 1011 1280 1059 'ad
1309 1019 1539 1073 aerarium,
1572 1018 1789 1075 pontifex,
1822 1032 1942 1074 prae-

216 1084 355 1127 fectus
382 1085 563 1140 vigilum
592 1089 619 1129 t.
654 1085 956 1128 Nemausenses
984 1085 1092 1128 XII
1112 1089 1234 1128 3166.
1286 1086 1410 1129 Uxor
1440 1086 1552 1129 Iulia
1583 1086 1799 1130 Concessa
1828 1087 1884 1130 ib.

144 1179 201 1183 ——
244 1159 288 1195 L.
317 1159 487 1195 IVNIVS
517 1160 770 1196 AVRELIVS
801 1160 1055 1196 NERATIVS
1087 1160 1280 1196 GALLVS
1312 1161 1342 1195 F
1344 1161 1524 1197 VLVIVS
1555 1162 1743 1198 MACER.

130 1222 215 1265 374
244 1229 299 1264 M.
329 1228 543 1264 FVLVIVS
582 1229 888 1265 MACRIANVS.
955 1222 1204 1264 Macrianus
1234 1224 1306 1267 vit.
1335 1222 1451 1266 Gall.
1482 1228 1526 1274 2,
1556 1228 1589 1267 2
1607 1238 1703 1278 seq„
1736 1225 1832 1278 triy.
1864 1227 1942 1278 tyr.

215 1294 274 1334 12
291 1304 388 1344 seq„
420 1290 641 1333 Macrinus
669 1291 830 1334 Graeci
856 1291 920 1334 vel
950 1294 1060 1334 certe
1086 1290 1349 1334 Graecorum
1370 1292 1543 1343 codices,
1565 1294 1665 1335 item
1683 1293 1755 1334 vit.
1780 1291 1896 1335 Gall.
1919 1295 1944 1333 1

217 1351 483 1410 (Macrianus
514 1360 622 1414 ipse,
663 1360 780 1414 silius
809 1359 1032 1402 Macrinus
1066 1360 1164 1414 triq.
1197 1363 1277 1415 tyr.
1307 1363 1373 1410 11,
1406 1364 1439 1404 2
1477 1361 1704 1403 secundum
1742 1360 1943 1414 codices);

216 1445 254 1470 α.
276 1426 326 1470 Κ.
347 1426 403 1470 M.
424 1428 523 1470 Φου.
545 1427 772 1485 Μακριανὸς
791 1429 849 1471 εὖ.
871 1429 953 1472 εὖσ.
975 1442 1169 1470 nummus
1182 1427 1505 1471 Alexandrinus
1525 1431 1658 1472 musei
1676 1429 1940 1478 Britannici,

215 1511 284 1551 ap.
313 1495 482 1539 C'ohen2
504 1500 531 1539 6
550 1512 598 1551 p.
620 1501 652 1540 2
681 1495 808 1549 (idem
847 1500 923 1539 aut
951 1497 1105 1539 similis
1134 1512 1203 1551 ap.
1234 1497 1397 1540 Eckhel
1418 1501 1446 1540 7
1463 1513 1511 1552 p.
1533 1502 1618 1541 467
1644 1513 1695 1541 eoe
1725 1496 1941 1551 Sestium),

215 1579 335 1620 quem
364 1568 493 1619 caput
532 1566 758 1607 barbatum
797 1565 924 1608 huius
955 1566 1181 1608 Macriani
1219 1579 1304 1608 esse
1340 1566 1516 1609 indicat.
1581 1567 1753 1609 Primus
1784 1566 1943 1608 ducum

216 1633 436 1676 Valeriani
478 1635 575 1689 triy.
607 1637 685 1688 tyr.
717 1638 787 1685 12,
819 1638 845 1676 1
873 1635 929 1688 cf.
961 1635 1058 1689 triy.
1091 1637 1169 1689 tyr.
1203 1638 1268 1685 10,
1297 1638 1374 1686 14,·
1402 1639 1472 1686 12,
1500 1638 1553 1678 15
1572 1650 1678 1690 seq„
1711 1636 1837 1693 κόμης
1866 1640 1944 1677 τῶν

216 1705 429 1760 θησαυρῶν
459 1704 524 1746 καὶ
553 1704 734 1760 ἐφεστὼς
761 1708 814 1760 τῇ
841 1705 970 1761 ἀγορᾷ
988 1708 1057 1746 τοῦ
1079 1705 1186 1746 σίτου
1208 1707 1407 1758 excerpta
1424 1708 1527 1758 post
1554 1704 1738 1747 Dionem
1756 1703 1860 1759 (Dio
1881 1704 1942 1747 ed.

215 1770 417 1825 Dindorf
426 1774 454 1815 5
476 1787 524 1826 p.
547 1774 663 1827 219).
705 1771 843 1828 Capto
863 1771 1099 1815 Valeriano
1122 1772 1385 1826 samosatae,
1419 1774 1492 1817 ubi
1514 1772 1776 1827 substiterat,
1800 1773 1944 1829 copias

216 1841 508 1882 Romanorum
548 1840 742 1895 collegit3
783 1841 840 1882 ad
877 1840 1160 1883 Valerianum
1201 1842 1263 1883 ire
1303 1848 1475 1883 recusat
1514 1842 1569 1884 ib.
1627 1842 1862 1898 Imperium
1904 1843 1942 1883 ei

217 1907 407 1951 oblatum
437 1924 475 1952 a.
508 1911 587 1952 261
620 1910 692 1951 vit.
721 1909 837 1953 Gall.
869 1913 908 1960 1,
938 1914 994 1961 2;
1032 1909 1077 1951 id
1116 1916 1288 1952 recusat
1317 1910 1434 1966 quod
1465 1910 1646 1952 claudus
1677 1917 1801 1964 esset,
1832 1909 1943 1951 filios

217 1976 299 2019 sibi
339 1976 604 2020 substituens
643 1978 880 2033 Dionysius
907 1978 1231 2021 Alexandrinus
1268 1993 1337 2033 ap.
1368 1979 1604 2021 Eusebium
1637 1979 1676 2023 h.
1709 1979 1803 2021 eccl.
1838 1982 1874 2029 7,
1904 1983 1942 2028 9,

186 2064 198 2067 ·
217 2046 323 2089 Zon.
345 2049 415 2096 12,
436 2050 508 2096 24,
537 2053 707 2088 recusat
738 2053 916 2103 propter
945 2053 1129 2089 aetatem
1151 2046 1227 2089 sed
1248 2046 1423 2089 demum
1454 2063 1553 2089 cum
1582 2047 1682 2090 filiis
1711 2049 1946 2104 imperator

216 2114 356 2157 factus
386 2115 482 2169 trio.
506 2118 584 2169 tyr.
606 2119 676 2165 12,
697 2119 830 2158 4-12.
875 2115 1026 2170 Ipsum
1054 2116 1351 2170 imperatorem
1378 2116 1465 2158 dici·
1491 2117 1674 2159 noluisse
1704 2117 1945 2158 documento

217 2185 278 2226 est
297 2184 504 2237 paucitas
533 2198 812 2235 nummorum,
843 2185 883 2226 si
901 2184 984 2226 ulli
1001 2185 1187 2238 fuerunt.
1239 2184 1430 2240 Agnitus
1451 2186 1496 2227 in
1515 2185 1623 2227 Asia
1644 2185 1841 2228 Zonaras
1861 2185 1887 2229 l.
1910 2200 1943 2227 c.

216 2252 272 2294 In
300 2251 492 2307 Aeyypto
523 2253 714 2307 aynitum
743 2267 850 2303 esse,
888 2256 1060 2307 praeter
1098 2267 1288 2296 nummos
1316 2254 1504 2312 filiorum
1533 2257 1572 2296 ct
1600 2255 1781 2308 fortasse
1810 2255 1946 2308 ipsius

215 2320 546 2371 Alexandrinos,
578 2324 757 2363 testatur
786 2321 999 2364 Eusebius
1027 2321 1068 2365 h.
1099 2321 1196 2364 cccl.
1221 2325 1257 2372 7,
1279 2326 1354 2365 22.
1405 2323 1606 2364 Pisonem
1635 2323 1768 2364 mittit
1796 2330 1946 2364 contra

215 2388 446 2431 Valentem
484 2390 530 2430 in
567 2388 779 2432 Achaiam
818 2391 890 2434 vit.
925 2390 1041 2434 Gall.
1071 2394 1115 2440 2,
1146 2394 1190 2440 2,
1221 2391 1317 2445 triy.
1350 2394 1429 2445 tyr.
1455 2394 1522 2433 19.
1553 2394 1624 2434 21.
1694 2390 1859 2433 Relicto
1900 2392 1945 2432 in

217 2457 397 2500 Oriente
413 2457 571 2511 Quieto
591 2457 680 2500 filio
702 2458 902 2501 Zonaras
921 2459 950 2501 l.
971 2473 1020 2509 c.,
1041 2459 1114 2500 vit.
1134 2458 1250 2503 Gall.
1268 2462 1312 2509 2,
1332 2462 1371 2509 5,
1392 2474 1470 2515 per
1483 2458 1634 2501 Asiam
1654 2460 1699 2501 in
1720 2459 1945 2516 Illyricum

217 2527 338 2568 venit
363 2527 436 2570 vit.
464 2525 581 2569 Gall.
614 2527 642 2569 l.
674 2541 707 2571 e.
749 2527 909 2569 Missus
939 2534 1091 2570 contra
1119 2542 1218 2570 eum
1245 2543 1271 2569 a
1292 2527 1490 2571 Gallieno
1511 2527 1726 2571 Aureolus
1748 2529 1946 2571 Zonaras

218 2594 246 2637 l.
277 2608 310 2637 c.
342 2596 397 2649 ef.
430 2596 528 2650 triy.
559 2599 641 2651 tyr.
671 2599 737 2646 11,
767 2600 810 2650 2,
843 2595 899 2638 ab
931 2595 1122 2639 Aureolo
1151 2597 1432 2639 Domitianus
1460 2598 1534 2639 vit.
1563 2596 1681 2640 Gall.
1709 2601 1751 2651 2,
1776 2601 1814 2651 6,
1847 2598 1943 2651 tre'gy.

218 2666 296 2718 tyr.
328 2667 398 2714 12,
429 2667 507 2715 14;
544 2668 611 2714 13,
641 2668 681 2707 3.
751 2665 963 2707 Desertus
1003 2680 1030 2707 a
1068 2671 1191 2721 parte
1232 2679 1405 2707 suorum
1446 2672 1576 2722 atque
1610 2681 1697 2708 una
1725 2680 1825 2708 cum
1855 2665 1943 2708 filio

218 2731 469 2774 interfectus
500 2733 711 2783 Zonaras,
743 2734 799 2787 cf.
818 2734 890 2775 vit.
915 2733 1031 2776 Gall.
1054 2737 1097 2784 2,
1121 2737 1149 2776 7
1157 2747 1170 2785 ,·
1200 2735 1298 2788 triy.
1322 2737 1402 2788 tyr.
1423 2738 1489 2785 11,
1511 2738 1576 2779 13.

132 2799 216 2842 375
247 2798 362 2856 [C.‘?]
393 2807 605 2843 FVLVIVS
635 2808 889 2853 MAXIMVS,
929 2802 979 2845 C.
1010 2802 1039 2845 f.
1098 2803 1293 2845 Honores
1333 2806 1634 2845 mmmerantur
1675 2805 1719 2845 in
1758 2804 1945 2845 carmine

218 2868 272 2910 ab
303 2883 350 2911 eo
380 2869 571 2912 dedicato
599 2870 792 2921 Bonnae,
823 2871 1072 2913 Brambach
1100 2874 1193 2915 484.
1258 2871 1423 2914 Nomen
1448 2875 1488 2914 et
1518 2874 1662 2927 patres
1684 2887 1945 2926 praenomen

218 2936 383 2979 emhibet
419 2939 672 2993 subscriptio
713 2940 929 2982 carminis.
985 2940 1152 2982 Divum
1187 2939 1345 2982 sodalis
1385 2954 1575 2991 carmen,
1611 2942 1697 2994 fua
1734 2942 1865 2995 iyilur
1895 2955 1945 2982 eac

215 3005 433 3048 sodalibus
462 3006 525 3049 vel
544 3007 854 3062 Auqustalibus
882 3009 946 3051 vel
964 3008 1241 3051 Flavialibus
1264 3009 1328 3051 vel
1348 3009 1696 3051 Hadrianalibns
1724 3010 1787 3051 cel
1809 3010 1943 3050 Anto-

216 3074 433 3125 ninianus,
464 3075 614 3118 consul
634 3082 678 3119 et
697 3091 831 3119 verno
863 3076 944 3131 die,
975 3090 1032 3121 sc.
1055 3077 1199 3119 consul
1218 3076 1318 3128 suff.
1340 3092 1391 3119 esc
1411 3078 1604 3120 kalendis
1627 3078 1808 3119 Martiis
1838 3078 1944 3118 anni

214 3142 376 3184 incerti.
427 3143 708 3197 (Mommseno
738 3145 797 3187 acl
821 3144 868 3188 C.
889 3145 998 3187 XII
1009 3149 1122 3189 4324
1152 3145 1249 3189 add.
1272 3161 1320 3200 p.
1340 3149 1422 3189 845
1451 3146 1631 3188 habetur
1660 3146 1802 3188 consul
1833 3145 1944 3187 ordi-

218 3210 392 3261 narius,
426 3211 464 3253 is
499 3212 576 3265 qui
611 3213 828 3267 sequitur).
889 3213 1038 3269 Peryit
1076 3228 1270 3256 carmen:
1309 3221 1352 3256 et
1390 3221 1487 3271 post
1518 3214 1719 3267 Sicanos,
1761 3220 1943 3270 postque

221 3277 411 3320 Picentis
440 3277 608 3335 v[iro]s,
637 3295 690 3323 ac
716 3295 821 3323 mox
849 3281 1038 3325 Hiberos
1069 3281 1253 3337 Ce[lt]as
1282 3283 1472 3324 Venetos
1502 3282 1740 3331 Delmatas,
1777 3315 1786 3323 .
1805 3315 1814 3323 .
1833 3297 1944 3323 ..na

220 3344 475 3402 ([Libur]na
502 3347 710 3403 suwlevit
738 3349 1070 3404 Zanyemeister)
1099 3363 1251 3405 regna,
1282 3357 1379 3407 post
1408 3350 1521 3392 feros
1551 3349 1752 3407 Iapudas,
1783 3350 1944 3393 scilicet
