2190 3724
137 287 324 324 FLAVIA
1014 284 1066 326 81
1762 293 1950 329 FLAVIA

136 419 220 462 275
249 425 436 462 FLAVIA
465 426 799 462 ALEXANDRIA
835 420 982 474 (Flab-
1013 421 1179 476 titulus)
1219 420 1459 464 clarissima
1497 422 1658 465 femina
1697 423 1846 467 titulus
1878 426 1957 467 uni

222 487 450 532 Sirmondo
478 489 593 531 visus
624 488 693 531 VI
703 492 829 533 1420.
970 490 974 495 '

135 555 220 599 276
249 556 474 609 FL(AVIA)
504 562 770 598 DEMETRIA
801 562 1083 598 FLACCILLA
1111 559 1277 616 ὑπατική
1309 562 1336 601 t.
1372 559 1496 602 Teius
1523 559 1646 604 GIG.
1666 563 1790 606 3104.

135 624 219 667 277
250 623 405 667 Flavia
433 624 659 668 Domitilla
689 624 846 668 Statilii
881 624 1085 681 Capellae
1123 628 1280 683 equitis
1319 627 1504 670 Romani
1536 627 1810 672 Sabratensis
1850 629 1954 672 deli-

220 699 328 748 cata,
360 693 544 736 Latinae
573 693 863 747 condicionis3
894 708 996 736 mox
1017 694 1206 749 ingenua
1227 702 1270 738 et
1289 696 1397 738 civis
1418 697 1613 739 Romana
1632 699 1953 754 recuperatorio

220 762 378 804 iudicio
408 763 697 818 pronuntiata,
733 768 855 818 patre
885 769 1105 805 asserente
1133 763 1285 806 Flavio
1315 764 1509 807 Liberali
1538 766 1761 808 Ferentini
1789 767 1952 821 genito,

219 831 362 874 scriba
399 831 669 887 quaestorio3
710 836 925 887 postremo
966 846 1079 874 uxor
1106 832 1386 888 Vespasiani,
1430 834 1499 876 cui
1534 835 1703 891 peperit
1731 835 1881 878 Titum
1910 841 1954 877 et

219 899 520 942 Domitianum
550 905 593 941 et
622 898 913 954 Domitillam3
945 899 1055 942 obiit
1083 901 1237 943 marito
1267 901 1411 944 adhuc
1439 903 1608 958 privato
1633 903 1749 948 Suet.
1777 903 1895 957 Vesp.
1910 906 1950 953 3,

219 970 275 1023 ef.
299 967 403 1012 Vict.
417 982 480 1022 ep.
496 971 564 1018 10,
582 971 632 1019 1‚·
651 971 717 1018 11,
739 970 778 1011 1.
820 967 1078 1023 Vespasiano
1098 970 1334 1023 imperante
1352 971 1539 1013 nondum
1553 971 1774 1027 Auyustae
1785 972 1953 1027 positus

218 1038 258 1080 ei
286 1037 350 1081 tit.
371 1036 420 1078 X
435 1039 557 1078 1419.
578 1060 637 1065 —
660 1035 780 1077 Diva
808 1035 1035 1078 Domitilla
1062 1036 1177 1092 Aug.
1208 1039 1371 1080 nummi
1399 1039 1516 1093 apud
1542 1040 1716 1083 Eckhel.
1747 1044 1774 1083 6
1788 1055 1836 1095 p.
1856 1043 1950 1090 345,

220 1105 361 1149 Cohen
390 1104 445 1147 1²
467 1119 516 1159 p.
536 1107 623 1147 426
633 1117 647 1155 ;
676 1103 878 1146 sacerdos
907 1103 1036 1146 divae
1066 1105 1329 1161 Domitillae,
1362 1107 1527 1163 mulier,
1555 1109 1726 1151 Patavii
1757 1108 1951 1159 V2829;

217 1176 462 1216 consecrata
491 1172 644 1227 iyitur‚
684 1173 867 1226 fortasse
896 1173 972 1215 sub
1009 1173 1104 1216 Tito
1135 1174 1310 1219 demum.
1369 1175 1600 1230 (Nummus
1628 1176 1953 1219 Alexandrinus

215 1242 444 1297 inscriptus
471 1241 652 1284 Φλαούια
676 1241 892 1298 Δομιτίλλα
920 1255 990 1296 ap.
1017 1241 1180 1286 Eekhel
1198 1246 1225 1285 6
1242 1258 1292 1297 p.
1312 1246 1407 1294 349,
1449 1244 1610 1287 nullius
1648 1245 1752 1300 fidei
1787 1245 1952 1288 videtur

216 1309 333 1365 esse).

129 1379 214 1424 278
244 1385 431 1421 FLAVIA
469 1383 754 1420 DOMITILLA
794 1377 1053 1434 Vespasiani
1095 1385 1138 1421 et
1177 1379 1430 1422 Domitillae
1468 1380 1578 1436 filia,
1622 1388 1793 1424 mortua
1828 1388 1950 1438 patre

215 1447 358 1491 adhuc
379 1447 548 1504 privato
570 1446 688 1490 Suet.
717 1445 836 1501 Vesp.
855 1449 896 1490 3.
939 1445 1072 1489 Soror
1090 1447 1330 1490 Domitiani
1357 1449 1533 1502 Quintil.
1556 1450 1651 1494 inst.
1672 1453 1699 1492 4
1719 1465 1897 1505 prooem.
1918 1455 1950 1494 2

214 1517 290 1572 qui
324 1530 474 1559 nomen
510 1529 596 1558 nan
622 1515 773 1569 ponit,·
810 1515 1007 1557 similiter
1044 1516 1212 1559 nomine
1250 1530 1336 1560 non
1365 1517 1509 1572 posito
1546 1522 1805 1561 memoratur
1833 1519 1950 1573 apud

215 1585 404 1629 Statium
422 1584 515 1628 silv.
536 1587 576 1634 1,
597 1587 636 1634 1,
657 1586 726 1628 89.
765 1583 1015 1626 ‘Memoriae
1035 1584 1286 1628 Domitillae
1306 1601 1340 1628 s.
1362 1601 1403 1642 p.
1426 1601 1467 1642 q.
1488 1586 1556 1629 R.’
1578 1587 1743 1629 nummi
1760 1588 1852 1630 cusi
1870 1588 1946 1630 sub

221 1653 328 1704 Tito,
360 1667 430 1708 ap.
450 1652 612 1696 Eckhel
641 1655 668 1694 6
689 1667 736 1707 p.
757 1655 839 1694 346
869 1671 923 1687 =
951 1651 1093 1696 Cohen
1122 1654 1174 1695 12
1197 1669 1245 1709 p.
1276 1658 1375 1701 427.
1403 1657 1503 1706 428,
1535 1655 1595 1699 ad
1620 1655 1731 1699 hane
1759 1659 1870 1699 reete
1900 1660 1948 1698 ut

213 1721 379 1765 videtur
407 1722 462 1764 ab
493 1720 697 1764 Eat-helio
730 1720 871 1764 relati.

127 1791 212 1835 279
242 1797 428 1833 FLAVIA
458 1795 740 1832 DOMITILLA
765 1792 956 1848 συγγενὴς
976 1791 1216 1833 Domitiani
1237 1791 1326 1834 Dio
1346 1795 1412 1843 67,
1435 1795 1501 1843 14,
1534 1791 1664 1848 [divi]
1688 1793 1947 1849 Vespasiani

212 1860 355 1916 neptis
385 1858 454 1902 VI
474 1861 590 1901 8942
618 1858 673 1912 ef.
704 1861 798 1909 948,
839 1862 947 1902 nata
984 1859 1117 1914 iyitur
1156 1874 1206 1902 ex
1235 1859 1401 1903 Flavia
1429 1860 1662 1903 Domitilla
1698 1861 1949 1916 Vespasiani

214 1928 331 1984 filia;
357 1927 405 1970 id
431 1928 570 1983 ipsum
597 1926 684 1970 nisi
711 1926 857 1981 fallor,
887 1928 928 1975 ἐξ
958 1929 1138 1986 ἀδελφῆς
1167 1929 1288 1972 αὐτοῦ
1310 1926 1588 1986 (Domitiani)
1618 1933 1768 1972 natam
1797 1930 1946 1973 Domi-

192 1997 362 2056 tillam,
391 1996 614 2039 rettulerat
643 1999 791 2039 auctor
819 1996 856 2038 is
884 1995 986 2048 (non
1013 1996 1283 2048 christianus,
1314 2001 1363 2040 ut
1390 1999 1454 2040 ait
1474 1998 1686 2041 Eusebius
1715 1998 1811 2043 hist.
1833 2000 1944 2050 eccl..

213 2065 399 2123 Βρέττιος
428 2068 527 2108 teste
557 2064 768 2121 Syneello)
806 2079 835 2107 a
863 2079 943 2119 quo
973 2065 1131 2120 pendet
1158 2066 1372 2109 Eusebius
1408 2066 1504 2110 hist.
1535 2066 1631 2111 ecel.
1661 2071 1700 2118 3,
1732 2070 1787 2110 18
1824 2071 1863 2110 et
1902 2069 1947 2110 in

213 2134 410 2178 chronico
429 2133 549 2189 (vers.
570 2132 694 2177 Arm.
715 2133 775 2175 ad
795 2148 836 2178 a.
857 2133 966 2178 Abr.
987 2137 1114 2185 2110,
1146 2135 1432 2190 Hieronymus
1459 2135 1518 2178 ad
1537 2150 1578 2178 a.
1598 2139 1728 2187 2112,
1760 2136 1815 2190 ef.
1837 2136 1946 2191 Syn-

213 2203 340 2246 cellus
361 2217 409 2258 p.
441 2205 533 2253 650,
563 2201 645 2256 16),
684 2202 759 2245 sed
786 2202 999 2245 Eusebius
1039 2218 1182 2246 errore
1222 2204 1342 2247 αὐτοῦ
1381 2204 1543 2258 aceepit
1582 2203 1632 2246 de
1659 2203 1820 2247 Flavio
1847 2205 1945 2248 Cle-

211 2274 357 2322 mente,
389 2271 509 2313 euius
536 2284 685 2313 nomen
706 2270 859 2325 paullo
882 2274 979 2314 ante
990 2272 1182 2326 positum
1201 2273 1334 2326 fuisse
1345 2272 1587 2327 putandum
1607 2276 1679 2323 est,
1711 2273 1775 2315 ita
1795 2276 1842 2315 ut
1860 2288 1946 2315 non

212 2340 428 2395 eoniuyem
458 2339 548 2382 eius
576 2338 651 2382 sed
686 2340 847 2382 sororis
875 2340 964 2382 eius
993 2340 1131 2395 filiam
1152 2344 1331 2395 putaret
1357 2340 1629 2384 Domitillam
1658 2341 1820 2395 (Flavii
1852 2341 1945 2384 Cle-

211 2409 367 2451 mentis
405 2408 604 2465 ἐξαδελφὴ
646 2407 794 2462 Syna,
836 2423 891 2450 ex
929 2423 1076 2451 sorore
1117 2410 1258 2465 neptis
1289 2409 1512 2461 Hieron.),·
1550 2413 1730 2452 ceterum
1760 2414 1869 2452 certe
1900 2411 1945 2452 in

211 2477 395 2520 historia
431 2476 715 2519 ecelesiastica
753 2476 934 2519 Eusebii
966 2491 1110 2520 verum
1148 2477 1330 2520 relatum
1369 2478 1501 2532 fuisse
1543 2478 1709 2520 videtur
1752 2479 1944 2521 indicare

211 2547 419 2600 interpres
457 2545 546 2587 eius
568 2544 775 2599 Rufinus,
815 2544 884 2587 hie
923 2546 1033 2587 enim
1072 2546 1126 2588 ab
1162 2560 1209 2588 eo
1239 2545 1525 2600 (Domitiano)
1554 2545 1765 2589 Flavium
1793 2547 1941 2590 Domi-

212 2614 350 2657 tillam
386 2613 546 2656 sororis
582 2613 740 2668 filiam,
780 2612 937 2655 Flavii
959 2613 1187 2657 Clementis
1224 2615 1352 2657 unius
1391 2618 1488 2657 tune
1528 2629 1550 2657 e
1586 2615 1827 2658 consulibus
1860 2617 1945 2657 viri

209 2682 403 2739 [uxorem
411 2682 455 2738 ἓ]
484 2696 628 2738 poena
667 2682 880 2736 adfectam
914 2696 1000 2726 esse
1028 2687 1195 2728 narrat.
1255 2683 1478 2739 (Errorem
1506 2683 1687 2726 Eusebii
1714 2685 1799 2727 sive
1829 2685 1940 2727 eodi-

211 2765 306 2794 eum
325 2752 414 2795 eius
434 2754 475 2794 et
495 2750 575 2793 alii
593 2750 867 2804 defenderunt
887 2754 927 2794 et
945 2765 1081 2806 nuper
1095 2752 1276 2795 Rossius
1298 2752 1398 2796 bull.
1420 2753 1534 2796 erist.
1556 2755 1666 2796 1875
1689 2767 1738 2807 p.
1763 2756 1820 2796 72
1837 2766 1941 2807 seq.,·

211 2820 370 2863 scilieet
390 2819 497 2862 duas
515 2818 767 2862 Domitillas
791 2820 935 2874 fuisse,
968 2820 1149 2863 alteram
1179 2821 1229 2864 de
1247 2835 1332 2875 qua
1361 2821 1488 2863 verba
1518 2821 1628 2875 facit
1646 2820 1748 2871 Dio,
1778 2825 1941 2876 neptem

212 2888 482 2943 Vespasiani,
531 2888 732 2939 alteram,
783 2888 833 2931 de
880 2902 967 2942 qua
1012 2889 1247 2940 Eusebius,
1296 2890 1458 2932 sororis
1502 2889 1658 2932 Flavii
1706 2889 1938 2932 Clementis

210 2956 376 3012 filiam).
426 2956 561 2999 Pater
585 2957 775 3011 iqnotus;
804 2956 1012 3000 Flavium
1039 2961 1079 3001 et
1107 2959 1245 3012 ipsum
1274 2958 1406 3012 fuisse
1433 2972 1519 3001 non
1548 2961 1705 3001 eertum
1734 2962 1805 3012 est,
1837 2973 1938 3000 nam

210 3024 440 3068 Domitilla
475 3027 616 3079 potest
656 3018 844 3068 Flaviae
887 3039 1036 3069 nomen
1085 3027 1266 3069 traxisse
1315 3027 1368 3069 ab
1415 3040 1492 3069 avo
1530 3029 1735 3071 materno.
1791 3027 1939 3083 Nupta

210 3092 363 3135 Flavio
395 3092 607 3136 Clementi
637 3093 820 3150 patrueli
850 3094 1090 3137 Domitiani
1120 3094 1208 3138 Dio
1238 3098 1305 3146 67,
1336 3098 1404 3141 14.
1475 3094 1544 3138 De
1574 3095 1719 3138 liberis
1754 3095 1844 3137 eius
1881 3095 1935 3148 ef.

206 3162 282 3204 sub
315 3161 476 3204 Flavio
508 3161 732 3206 Clemente.
793 3161 846 3207 A.
871 3162 928 3206 95
967 3178 1055 3206 una
1088 3178 1187 3206 cum
1224 3165 1379 3206 marito
1419 3164 1652 3220 impietatis
1683 3163 1935 3220 (ἀθεότητος)

207 3236 428 3284 accusata,
480 3236 627 3286 utpote
671 3230 876 3273 Iudaicae
922 3230 1011 3286 (vel
1060 3233 1201 3289 potius
1245 3231 1538 3286 Christianae)
1581 3238 1723 3274 sectae
1774 3231 1931 3286 dedita,

211 3305 254 3341 et
281 3298 326 3340 in
356 3297 659 3341 Pandateriam
689 3299 876 3342 insulam
902 3299 1092 3356 relegata
1122 3300 1209 3343 Dio
1240 3301 1267 3344 l.
1298 3315 1332 3345 e.
1364 3301 1455 3355 (ubi
1475 3300 1740 3342 Pandateria
1771 3300 1934 3342 videtur

209 3381 351 3409 errore
394 3367 544 3420 posita
595 3380 682 3409 esse
726 3382 812 3422 pro
860 3368 1035 3424 Pontia)
1045 3382 1058 3420 ;
1112 3384 1224 3411 anno
1274 3369 1514 3411 Domitiani
1567 3368 1730 3410 decimo
1782 3370 1933 3425 quinto

192 3438 472 3475 Prosopognphiz
488 3438 571 3475 Imp.
591 3439 683 3467 Rom.
718 3439 764 3468 11.
1640 3436 1662 3470 6
