2202 3724
243 317 445 352 NVMMIA
1106 311 1189 354 422
1592 313 1594 315 ’
1735 318 2048 358 NYMPmmvs

247 447 323 488 191
357 446 560 488 Nummia
576 446 721 499 Varia,
746 445 902 488 Vibiac
920 445 1092 488 Salviae
1102 447 1261 489 Variae
1281 447 1380 504 filia,
1403 449 1596 491 Nummii
1607 448 1755 493 Albini
1778 456 1821 493 et
1840 450 1890 496 L.
1905 451 2049 495 Roscii

327 513 496 555 Aeliani
513 512 662 555 Paculi
685 513 819 555 Salvii
838 513 996 555 Iuliani
1019 514 1205 557 consulis
1228 516 1282 569 (a.
1297 517 1380 559 223
1393 516 1433 571 P)
1451 532 1572 559 soror
1589 521 1616 560 t.
1630 517 1871 561 Brixv’anus
1887 519 2048 565 V4353.

327 582 532 623 Fortasse
563 581 706 623 eadem
735 595 842 634 quae
864 582 1097 636 praeeedit.

246 652 323 692 192
355 652 377 674 *
390 656 640 690 NVMMVLA
672 650 925 703 (Nummula
964 650 1142 692 alterum
1174 666 1223 693 ex
1262 652 1423 695 duobus
1454 653 1576 696 'tituli
1615 654 1833 708 exemplis,
1871 655 2050 698 alterum

329 717 607 772 onummula),
645 716 890 759 clarissima·
913 718 1092 772 femina,
1125 726 1262 761 mater
1291 720 1476 763 Messiae
1506 725 1534 764 t.
1565 722 1826 765 Formiauus
1854 723 1903 766 X
1926 727 2047 768 6085.

325 785 391 839 Cf.
420 799 552 839 supra
582 786 656 827 sub
690 785 856 828 Messia
882 786 1053 839 Quinta.

254 879 306 883 —w
355 861 396 896 C.
429 859 639 896 CLODIVS
671 860 894 898 NVMMVS.

252 947 309 952 -—
353 929 396 964 L.
444 928 738 963 STERTINIVS
797 929 1152 973 QVINTILIANVS
1208 931 1406 967 ACILIVS
1455 932 1645 968 STRABO
1691 933 1731 972 C.
1782 916 2080 971 OVRIATIVS'

323 996 595 1032 MATERNVS
629 996 839 1032 CLODIVS
872 998 1096 1036 NVMMVS.

250 1085 307 1089 —
353 1066 429 1102 CN.
461 1066 674 1101 BAEBIVS
706 1066 954 1102 TAMPILVS
983 1067 1118 1102 VALA
1148 1068 1491 1105 NVMONIANVS.

241 1129 320 1170 193
353 1135 392 1171 G.
437 1134 471 1169 N
476 1128 713 1170 VMONIVS
738 1135 872 1170 VALA
918 1128 1050 1184 (filius
1090 1133 1198 1183 puto
1243 1130 1288 1173 C.
1337 1131 1545 1174 Numomssz·
1589 1132 1719 1175 Valae
1763 1134 2047 1187 quattuorm‘ri

321 1196 541 1238 monetalis
582 1210 692 1238 armo
730 1199 778 1238 ut
813 1197 976 1239 videtur
1008 1201 1107 1248 711,
1150 1200 1204 1251 ef.
1239 1199 1475 1242 Mommsen
1502 1199 1650 1243 Gesch.
1683 1200 1721 1244 d.
1753 1206 1856 1244 ro’m.
1889 1201 2042 1244 Mum-

320 1278 473 1307 ueseus
503 1279 551 1319 p.
585 1268 680 1308 652.
715 1268 821 1320 741),
865 1265 1002 1307 Philis
1044 1266 1125 1308 fuit
1154 1283 1191 1309 a.
1225 1268 1306 1309 752
1338 1268 1425 1310 III
1449 1272 1512 1311 74.
1571 1268 1691 1311 Idem
1719 1269 1902 1323 fortasse
1930 1269 2043 1312 Vala

320 1333 560 1375 Numonius
599 1333 933 1387 (Valnumonius
965 1334 1180 1389 traditur),
1223 1335 1392 1390 legatus
1432 1336 1511 1379 sub
1551 1337 1668 1379 Varo
1709 1339 1753 1379 in
1783 1337 2039 1393 Germania,

321 1417 357 1443 a.
390 1402 471 1444 762
512 1402 585 1456 (Ξ
614 1417 654 1458 p.
687 1402 734 1445 C.
767 1403 811 1456 9)
857 1402 1009 1444 ducem
1055 1419 1151 1445 cum
1192 1405 1387 1460 equitatu
1427 1420 1523 1447 cum
1564 1405 1843 1462 deseruisset,
1891 1413 2039 1463 postea

321 1470 486 1512 occisus
516 1470 693 1512 Velleius
713 1474 755 1521 2,
778 1473 870 1521 119,
891 1475 930 1513 4.
974 1471 1187 1514 Iucertum
1208 1486 1292 1526 qua
1313 1473 1541 1527 parentela
1570 1487 1662 1516 cum
1690 1474 1766 1517 hoc
1796 1475 2040 1517 conmotus
2096 1482 2100 1486 '
2171 1465 2173 1467 ¹

321 1538 398 1580 Cn.
430 1538 617 1581 Baebius
648 1539 870 1594 Tampilus
900 1539 1012 1581 Vala
1042 1540 1360 1596 Numonianus,
1400 1541 1478 1584 Cn.
1509 1541 1563 1596 f.‚
1605 1549 1821 1598 quaestor,
1852 1549 2036 1599 praetor,

318 1606 558 1662 proconsul,
589 1608 726 1649 IIIvir
756 1622 854 1648 aere
885 1614 1061 1662 argento
1092 1623 1195 1650 auro
1226 1608 1370 1651 flando
1401 1610 1597 1652 feriundo
1626 1609 1695 1653 VI
1715 1614 1835 1654 1360.

237 1676 317 1717 194
348 1674 401 1728 Q.
424 1675 663 1717 Numonius
684 1675 808 1730 Vala‚
833 1675 879 1718 C.
903 1675 970 1731 [fi]
994 1678 1097 1731 (pro
1119 1676 1166 1720 C.
1190 1676 1218 1719 f.
1240 1677 1351 1719 Vala
1372 1678 1559 1720 traditur
1580 1678 1743 1721 Cevala
1772 1679 1835 1722 vel
1855 1678 2037 1735 Civala),

319 1749 525 1798 patronus
557 1743 749 1785 coloniae
770 1744 915 1786 Paesti
936 1744 984 1786 X
1000 1747 1094 1787 481.
1140 1746 1226 1787 Hic
1257 1747 1439 1799 fortasse
1459 1747 1701 1803 Numonius
1721 1747 1845 1801 Vala,
1878 1763 1935 1791 ex
1954 1763 2038 1805 quo

314 1811 522 1853 Horatius
563 1827 640 1867 per
680 1812 910 1867 epistulam
946 1814 1160 1869 quaesivit
1194 1821 1320 1870 ‘quae
1351 1814 1486 1857 hiems
1516 1815 1685 1870 Veliae,
1718 1816 1834 1872 quod
1874 1816 2040 1859 caelum

320 1879 503 1922 Salerni'
538 1886 649 1921 esset
688 1880 844 1922 Horat.
876 1895 938 1934 ep.
967 1885 1006 1931 1,
1040 1884 1090 1923 15
1118 1881 1337 1936 (Paestum
1374 1882 1571 1937 oppidum
1600 1883 1780 1925 medium
1810 1887 1904 1927 erat
1930 1885 2041 1926 iuter

320 1947 479 1989 Veliam
507 1951 545 1989 et
576 1947 834 2005 Salernum),
868 1949 922 2002 of.
956 1949 1174 2004 Ktessltuy
1205 1950 1263 1992 ad
1291 1950 1398 1994 Hor.
1432 1951 1457 1993 l.
1490 1965 1523 1993 0.

239 2015 318 2057 195
350 2015 429 2059 Cn.
461 2016 663 2058 Nunnius
694 2016 919 2071 Martialis
958 2025 1211 2073 procurator
1240 2019 1537 2061 Mauretaniae
1569 2019 1860 2062 Caesariensis
1890 2036 1926 2063 a.
1957 2021 2038 2064 195

316 2083 498 2125 miliarii
527 2084 750 2138 Sz‘tifeuses
782 2085 904 2127 VIII
923 2089 1073 2128 10351.
1104 2089 1253 2131 10361.
1286 2090 1431 2138 10364,
1466 2089 1520 2142 cf.
1555 2087 1679 2130 VIII
1700 2091 1820 2132 9369.

239 2153 317 2194 196
350 2158 390 2196 C.
422 2158 744 2195 NVNNVLEIVS
777 2160 941 2195 NVDVS
979 2154 1026 2197 C.
1060 2154 1111 2209 f.‚
1154 2154 1320 2210 legatus
1365 2170 1443 2212 pro
1484 2162 1681 2212 praetore
1722 2159 1749 2198 t.
1795 2157 2039 2199 Tiburtinus

318 2220 444 2262 XIV
465 2223 584 2263 3546.
645 2222 770 2264 Uxor
801 2223 1039 2278 Pomponia
1068 2223 1119 2265 L.
1151 2223 1179 2267 f.
1209 2223 1266 2266 ib.

238 2289 316 2331 197
347 2289 659 2345 Nymphidius:
718 2291 756 2331 ei
811 2292 1035 2347 quaerenti
1091 2291 1255 2334 Paulus
1311 2291 1531 2347 respondit
1585 2292 1750 2334 Paulus
1804 2293 1876 2336 lib.
1921 2293 2048 2336 XXI
2072 2303 2076 2307 '

319 2358 605 2410 quaestionum
636 2358 758 2413 (Diq.
787 2361 852 2410 35,
884 2363 922 2410 1,
954 2359 1038 2414 81).

239 2426 317 2468 198
349 2426 638 2482 Nymphidius
669 2427 840 2483 LupuS,
883 2428 1181 2484 primipilaris,
1215 2428 1460 2484 praefectus
1490 2429 1713 2484 (cohortis)
1744 2444 1842 2472 cum
1871 2429 2039 2472 Plinius

321 2501 431 2536 esset
452 2495 662 2550 tribunus,
695 2495 749 2537 ab
781 2495 862 2537 hoc
892 2503 1094 2539 evocatus
1120 2498 1165 2538 in
1185 2496 1439 2552 Bithyniam
1466 2504 1513 2540 ut
1533 2497 1712 2540 consilio
1734 2498 1826 2540 eius
1847 2504 2041 2541 uteretur

319 2562 437 2605 le.
470 2577 530 2616 ep.
564 2563 621 2605 ad
654 2564 770 2606 Trai.
796 2567 863 2606 87.
1498 2573 1501 2575 ’

241 2631 320 2673 199
351 2631 640 2687 Nymphidius
662 2632 824 2688 Lupus,
856 2632 971 2675 filius
993 2634 1083 2675 eius
1106 2634 1180 2689 qui
1202 2633 1434 2689 praecedit,
1467 2634 1709 2691 praefectus
1740 2634 1928 2677 cohortis
1958 2634 2040 2677 sub

319 2699 471 2753 legatis
501 2700 611 2741 Iulio
643 2702 803 2742 Feroce
835 2708 877 2743 et
906 2702 1046 2743 Fusco
1080 2701 1318 2744 Salinatore
1349 2702 1467 2758 Ptin.
1499 2717 1560 2757 ep.
1594 2702 1652 2745 ad
1685 2703 1801 2746 Trai.
1831 2705 1900 2745 87.

236 2769 317 2809 200
348 2767 396 2810 C.
419 2767 708 2824 Nymphidius
731 2769 916 2812 Sabinus
938 2770 1042 2824 (tr-ia
1064 2771 1238 2812 uomina
1267 2771 1313 2812 iu
1343 2774 1371 2812 t.
1393 2771 1503 2813 servi
1531 2772 1619 2813 etus
1641 2770 1709 2813 VI
1721 2774 1844 2821 6621,
1875 2770 1974 2823 item
1992 2771 2040 2813 iu

322 2839 350 2877 t.
377 2835 625 2878 Pauuom'co
646 2837 734 2879 III
745 2841 868 2888 4269,
896 2839 970 2891 qui
996 2837 1161 2879 videtur
1191 2851 1276 2880 esse
1305 2838 1441 2889 huius,
1469 2839 1522 2892 of.
1544 2839 1695 2894 iufra).
1743 2838 1877 2882 Ortus
1905 2845 2042 2881 matre

322 2903 524 2945 libertina
553 2919 662 2960 quae
694 2920 847 2962 corpus
886 2907 998 2947 inter
1039 2920 1187 2948 servos
1217 2905 1481 2962 libertosque
1510 2907 1756 2963 principum
1787 2906 2044 2962 vulgaverat

327 2972 424 3014 Tac.
448 2986 487 3016 a.
508 2975 572 3023 15,
597 2976 663 3024 72,
696 2973 785 3015 filia
807 2973 971 3016 Callisti
995 2973 1192 3016 Caesaris
1221 2973 1378 3029 liberti,
1411 2976 1583 3016 nomine
1612 2975 1888 3032 Nymphidia,
1922 2974 2042 3017 Plut.

324 3039 450 3082 Gall).
486 3044 524 3091 9,
566 3043 759 3095 genitum
799 3057 844 3083 se
887 3041 1055 3084 ferebat
1094 3056 1150 3083 ex
1191 3042 1238 3084 C.
1281 3042 1467 3085 Caesare
1512 3043 1610 3085 Tac.
1650 3043 1676 3085 l.
1709 3057 1757 3095 6.,
1799 3043 1918 3087 Plut.
1951 3043 1976 3087 l.
2007 3056 2042 3087 c.

326 3109 485 3161 Quibus
514 3110 759 3151 ministeriis
788 3111 958 3163 functus
988 3111 1043 3152 sit
1069 3124 1197 3164 usque
1228 3110 1286 3152 ad
1315 3125 1471 3153 aureum
1496 3114 1559 3162 65,
1588 3112 1834 3166 {moratum
1863 3111 2046 3166 fortasse

322 3177 534 3230 stipendia
574 3181 785 3220 meruerat
822 3179 869 3220 m
905 3177 1157 3228 Pannonia,
1199 3193 1299 3220 uam
1333 3180 1405 3221 vix
1445 3180 1632 3222 diversus
1667 3179 1714 3222 C.
1753 3178 2046 3235 Nymphidius

327 3244 512 3297 Sabinus
543 3244 755 3302 [pr]ae[f.]
786 3247 831 3288 m
862 3250 889 3290 t.
922 3246 1171 3288 Pannonico
1202 3247 1290 3289 III
1310 3251 1436 3291 4269.
1494 3247 1622 3290 Anno
1654 3248 1707 3290 65
1749 3246 2045 3289 consularibus

324 3315 583 3355 ornamentis
624 3314 857 3357 honoratus
903 3315 1000 3358 Tae.
1042 3314 1068 3356 l.
1109 3328 1141 3356 6.
1185 3313 1327 3366 (simul
1364 3319 1412 3357 ut
1450 3315 1615 3358 videtur
1644 3315 1891 3370 praefectus
1916 3328 2047 3370 prae-

323 3382 430 3423 torio
469 3382 610 3434 factus
650 3383 696 3424 ru
731 3382 862 3425 locum
894 3381 1054 3425 Faemssv·
1086 3381 1220 3439 Rufi).
1282 3383 1535 3426 Praefectus
1575 3383 1788 3439 praetorio
1829 3382 1898 3426 VI
1919 3385 2044 3433 6621,
