2202 3724
208 257 376 294 IVNIVS
1071 255 1154 297 245
1844 263 2012 301 IVNIVS

291 402 338 430 eo
375 389 451 443 qui
487 390 675 443 sequitur
704 404 967 444 praenomen
1004 392 1144 445 patris
1186 392 1391 449 ostendit).
1425 417 1478 423 —
1508 393 1712 436 Fortasse
1742 393 1852 436 idem
1882 394 2015 450 Γάιο[ς

293 455 463 512 Ἰούνιος]
505 490 714 501 ........
757 458 954 513 [Σι]λαν6ς
997 460 1071 516 qui
1123 460 1351 502 scribendo
1391 460 1533 504 adfuit
1572 463 1616 504 in
1658 468 1811 504 senatu
1851 477 1888 506 a.
1931 463 2014 505 729

290 529 461 567 senatus
501 526 735 568 consultum
766 526 816 569 de
850 527 1126 581 Mytilenaeis
1153 542 1222 582 ap.
1255 528 1494 571 &chorium
1525 529 1789 584 Sitrunyber.
1822 530 1860 572 d.
1893 530 2011 573 Berl.

289 594 431 638 Akad.
462 597 571 636 1889
593 609 641 648 p.
663 598 757 636 966.

205 662 289 703 544
320 662 380 715 (C.
411 669 581 704 IVNIVS
613 669 823 704 SILANVS
853 663 914 706 M.
946 664 994 718 f.)
1035 671 1158 720 pater
1198 666 1288 707 eius
1319 667 1392 722 qui
1434 667 1630 723 sequitur
1664 667 1772 720 fasti
1797 666 1936 722 Capit.
1968 669 2014 709 in

290 730 511 772 consulatu
531 731 615 782 filii
633 730 726 783 (sub
749 746 788 774 a.
803 747 850 786 p.
880 732 984 774 Chr.
1006 735 1090 789 10),
1122 735 1220 775 item
1242 737 1371 788 pater
1392 735 1548 777 Iuniae
1573 735 1812 788 Torquatae
1835 737 2014 790 viminis

292 799 470 842 Vestalis
499 801 636 855 (infra
665 815 706 843 n.
734 804 849 858 579),
880 802 1064 855 fortasse
1093 804 1221 845 etiam
1247 807 1376 858 pater
1407 804 1473 848 M.
1505 803 1652 847 Silani
1681 803 1817 859 (infra
1844 819 1886 847 n.
1916 805 2013 859 551)

290 871 329 910 et
357 868 415 910 D.
448 869 593 919 Silani
621 870 679 925 (n.
707 869 818 924 546).

203 938 286 979 545
318 943 358 980 C.
388 943 556 984 IVNIVS
588 943 798 979 SILANVS
831 937 879 980 C.
911 939 954 993 f.‚
985 939 1045 981 Μ.
1073 954 1115 982 n.
1153 940 1316 994 (patris
1346 943 1386 982 et
1416 941 1488 982 avi
1506 941 1792 995 praenomina
1821 941 2014 983 exhibent

289 1005 397 1058 fasti
430 1004 592 1059 Capit.,
625 1006 771 1060 patris
801 1021 1062 1060 praenomen
1102 1008 1229 1050 etiam
1270 1008 1339 1051 VI
1358 1011 1496 1065 1384).
1569 1009 1757 1052 ,Matrem
1796 1010 2014 1052 Manliam

290 1073 479 1127 aliquam
501 1074 632 1127 fuisse
650 1075 803 1116 statuit
819 1074 1078 1128 Boryliesius
1109 1090 1203 1130 opp.
1223 1079 1251 1118 5
1272 1091 1319 1130 p.
1341 1080 1435 1127 183,
1465 1078 1581 1131 apucl
1605 1078 1702 1120 Tae.
1732 1093 1770 1120 a.
1792 1081 1831 1128 3,
1854 1081 1908 1120 68
1929 1093 2014 1132 pro

288 1141 374 1184 alia
411 1143 543 1184 scribi
582 1143 728 1185 iubens
762 1143 948 1196 Manlia3
988 1144 1101 1197 quod
1138 1146 1350 1187 inventum
1383 1149 1482 1199 post
1525 1146 1832 1200 Nipperdeium
1868 1148 2014 1189 reiecit

291 1210 526 1253 Mommsen
556 1211 646 1265 eph.
678 1226 739 1266 ep.
764 1215 790 1253 1
811 1226 858 1266 p.
881 1215 946 1254 66.
1005 1212 1186 1255 Flamen
1215 1213 1430 1256 Martialis
1460 1215 1568 1268 fasti
1597 1214 1762 1269 Capit.‚·
1802 1214 1871 1257 VI
1891 1219 2011 1258 1384.

288 1278 475 1321 Flamen
503 1279 668 1321 videtur
695 1281 836 1334 factus
866 1293 972 1331 esse,
1013 1284 1061 1323 ut
1091 1282 1326 1324 observavit
1352 1281 1611 1337 Boryliesius
1642 1297 1734 1336 opp.
1759 1285 1798 1332 5,
1830 1286 1928 1333 284,
1967 1285 2014 1325 in

289 1346 423 1389 locum
442 1347 494 1391 L.
523 1346 713 1390 Cornelii
730 1348 903 1390 Lentuli
930 1349 1114 1391 consulis
1143 1364 1182 1392 a.
1205 1364 1247 1392 u.
1269 1364 1303 1392 c.
1326 1353 1418 1392 751.
1463 1349 1628 1393 Consul
1649 1350 1740 1393 ord.
1762 1366 1800 1392 a.
1822 1366 1864 1407 p.
1887 1351 1934 1395 C.
1960 1353 2075 1396 1Ο,.Δ
2163 1364 2180 1372 ’·

289 1430 385 1457 eum
408 1416 457 1457 P.
480 1415 681 1458 Cornelio
702 1416 935 1459 Dolabella
963 1418 1082 1471 fasti.
1115 1418 1354 1461 Proconsul
1374 1418 1507 1461 Asiae
1529 1419 1586 1473 (a.
1607 1421 1680 1474 21)
1708 1419 1806 1462 Tac.
1830 1434 1869 1462 a.
1890 1422 1928 1470 3,
1947 1423 2011 1462 66.

288 1483 644 1540 Repetundarum
684 1499 781 1527 eum
821 1492 1099 1528 accusaretur
1138 1487 1183 1528 in
1223 1493 1376 1530 senatu
1405 1503 1443 1532 a.
1477 1490 1549 1542 22,
1592 1487 1738 1530 addito
1777 1489 2013 1530 maiestatis

289 1553 467 1594 crimine
507 1552 581 1606 (ne
618 1554 714 1610 quis
746 1555 1086 1597 necessariorum
1121 1556 1293 1598 iuvaret
1321 1555 1637 1612 periclitantem
1674 1557 1771 1599 Tae.
1805 1571 1845 1601 a.
1875 1559 1914 1607 3,
1946 1560 2010 1607 65,

284 1621 362 1663 ubi
397 1621 580 1675 fortasse
617 1623 886 1677 siqniflcatur
917 1623 983 1665 M.
1016 1623 1194 1666 Silanus
1223 1624 1368 1667 consul
1407 1639 1447 1667 a.
1478 1628 1544 1675 15,
1586 1626 1641 1679 cf.
1671 1625 1795 1679 infra
1827 1639 1869 1667 n.
1899 1628 2011 1681 551),

288 1696 488 1732 censente
518 1690 569 1732 L.
604 1691 758 1732 Pisone
788 1690 1070 1746 relegandum
1102 1707 1194 1734 esse
1225 1693 1437 1748 Gyarum,
1469 1693 1678 1735 suadente
1708 1693 1904 1749 Tiberio,
1941 1693 2014 1735 de-

288 1764 494 1814 precante
525 1773 699 1815 quoque
728 1759 858 1802 Iunia
888 1760 1112 1816 Torquata
1142 1776 1288 1803 sorore
1316 1762 1422 1812 eius,
1455 1761 1673 1817 Cythnum
1706 1762 1922 1817 relegatus
1951 1769 2015 1804 est

293 1827 391 1870 Tac.
423 1842 462 1869 a.
493 1830 533 1878 3,
565 1830 707 1870 66-69
738 1828 793 1882 cf.
819 1831 859 1878 4,
887 1831 954 1872 15.
1016 1828 1154 1871 Filius
1196 1831 1287 1872 eius
1327 1836 1590 1873 memoratur
1625 1831 1723 1873 Tac.
1753 1830 1779 1872 l.
1813 1844 1847 1872 c.
1875 1834 1915 1881 3,
1946 1833 2011 1880 68,

284 1909 404 1949 quem
434 1895 623 1950 Appium
652 1897 826 1938 Iunium
860 1896 1060 1939 Silanum
1100 1911 1180 1940 cos.
1225 1913 1265 1940 a.
1296 1901 1354 1942 28
1389 1899 1522 1953 fuisse
1553 1900 1728 1941 coniecit
1755 1899 2014 1953 Boryhesi'us

288 1978 381 2019 opp.
407 1966 434 2006 5
455 1978 503 2018 p.
529 1967 614 2006 107
649 1964 723 2006 sed
750 1966 821 2007 vix
849 1969 959 2008 recte
989 1963 1062 2020 (cf.
1092 1979 1226 2021 supra
1254 1981 1296 2009 n.
1316 1970 1427 2023 541).
1488 1967 1633 2010 Huius
1662 1968 1844 2022 fortasse
1872 1981 2014 2010 servus

285 2031 422 2074 Aemo
462 2032 512 2075 C.
556 2032 693 2076 Silani
733 2034 847 2076 vixit
884 2049 1020 2077 annos
1057 2035 1241 2078 XXXII
1291 2035 1360 2078 VI
1392 2038 1554 2087 10542;
1598 2039 1707 2078 certe
1745 2036 2014 2078 recentiorem

289 2100 336 2143 C.
369 2101 567 2143 Silanum
595 2101 758 2144 nullum
785 2103 988 2145 novimus.

202 2170 286 2212 546
315 2170 373 2211 D.
405 2169 593 2224 (Iunius)
626 2169 812 2225 Silanus,
845 2171 980 2213 frater
1008 2172 1068 2215 M.
1102 2171 1239 2215 Silani
1271 2171 1476 2226 (consulis
1507 2188 1544 2215 a.
1578 2188 1619 2229 p.
1652 2172 1700 2217 C.
1735 2174 1805 2227 15)
1837 2179 2015 2229 propter

286 2237 547 2280 adulterium
575 2253 675 2280 cum
704 2238 818 2281 Iulia
841 2239 1030 2294 Augusti
1062 2247 1191 2297 nepte
1222 2242 1496 2283 commissum
1527 2242 1583 2295 (a.
1606 2242 1632 2283 8
1663 2257 1704 2297 p.
1727 2241 1795 2296 C.)
1826 2243 2015 2284 amicitia

290 2306 488 2349 Caesaris
524 2307 766 2362 prohibitus
798 2309 842 2349 in
875 2308 1051 2351 exilium
1082 2309 1209 2365 abiit,
1242 2325 1278 2351 a.
1310 2311 1365 2352 20
1395 2311 1609 2366 permissu
1639 2310 1803 2352 Tiberii
1834 2311 2012 2352 Romam

287 2374 416 2418 rediit
443 2390 524 2417 nec
553 2381 699 2418 tamen
729 2375 912 2419 honores
942 2377 1125 2434 adeptus
1156 2384 1221 2420 est
1252 2378 1352 2420 Tac.
1383 2393 1424 2420 a.
1449 2381 1488 2429 3,
1510 2382 1580 2422 24.

199 2444 283 2487 547
315 2451 359 2486 L.
391 2450 560 2486 IVNIVS
593 2451 803 2487 SILANVS
834 2445 894 2489 M.
925 2446 968 2500 f.,
1000 2446 1059 2488 D.
1090 2461 1131 2489 n.
1186 2446 1476 2506 Praenomina
1506 2448 1654 2502 patris
1684 2450 1724 2490 et
1752 2449 1824 2490 avi
1851 2449 2015 2492 exhibet

286 2515 314 2556 t.
345 2511 587 2555 Canusinus
616 2513 699 2555 IX
723 2516 827 2564 332,
867 2514 978 2556 unde
1016 2515 1216 2569 sequitur,
1257 2516 1438 2570 fratrem
1476 2530 1568 2558 eum
1607 2516 1738 2570 fuisse
1770 2517 1836 2559 M.
1869 2518 2016 2561 Silani

286 2580 468 2623 consulis
508 2595 547 2623 a.
580 2585 664 2624 '729
704 2580 844 2636 (infra
879 2597 920 2626 n.
950 2585 1058 2632 549‚·
1099 2584 1154 2638 cf.
1195 2587 1369 2626 stemma
1404 2585 1675 2639 propositum
1710 2586 1787 2627 sub
1828 2600 1870 2627 n.
1901 2586 2012 2640 550).

286 2648 563 2704 (Boryhesius
593 2664 686 2704 opp.
709 2652 736 2693 5
756 2665 804 2704 p.
835 2654 929 2693 169.
959 2654 1041 2693 173
1081 2651 1248 2694 titulum
1281 2652 1544 2695 Canusinum
1575 2653 1832 2695 attribuerat
1862 2653 2014 2696 Silano

287 2717 439 2769 alicui,
480 2732 600 2772 quem
628 2718 763 2761 Asiae
793 2720 1039 2773 praefuisse
1078 2734 1118 2764 a.
1158 2735 1199 2762 u.
1243 2734 1276 2763 e.
1307 2724 1390 2764 678
1428 2722 1514 2764 sibi
1542 2725 1842 2776 persuaserat,
1882 2722 1956 2764 sed
1984 2725 2012 2764 t.

288 2785 531 2829 Canusinus
569 2786 788 2841 aliquanto
829 2789 1036 2830 recentior
1075 2791 1148 2840 est,
1180 2789 1234 2843 cf.
1268 2789 1506 2833 Mommsen
1535 2790 1594 2833 ad
1622 2793 1743 2848 eum).
1798 2790 1956 2846 Augur
1984 2793 2012 2832 t.

288 2854 541 2898 Canusinus.
597 2856 782 2898 Praetor
809 2857 868 2901 ib.
923 2856 1208 2900 Consulatum
1239 2859 1394 2914 petivit
1424 2874 1463 2901 a.
1492 2859 1574 2902 733
1605 2859 1683 2901 sed
1713 2874 1800 2901 non
1829 2858 2015 2901 obtinuit

286 2922 375 2965 Dio
403 2925 469 2974 54,
491 2926 518 2965 6
546 2922 610 2976 (in
629 2927 844 2979 praetura
871 2925 983 2968 hunc
1013 2925 1212 2968 Silanum
1243 2927 1478 2969 substitisse
1509 2931 1687 2970 testatur
1717 2928 1845 2970 etiam
1874 2930 1901 2969 t.
1932 2926 2014 2969 Ca-

284 2991 486 3043 nusinus,·
514 2993 568 3046 cf.
597 2992 835 3035 Mommsen
865 2993 924 3035 acl
951 2996 1012 3052 t.).
1060 2994 1200 3036 Heres
1232 2994 1280 3037 C.
1311 2994 1447 3038 Cestii
1479 2995 1690 3049 (defuncti
1720 3002 1819 3038 ante
1849 3011 1887 3037 a.
1911 2995 2011 3047 742)

294 3059 362 3102 VI
383 3062 503 3102 1375.
535 3086 587 3091 —
628 3060 834 3104 Fortasse
872 3061 999 3104 huius
1038 3062 1214 3105 libertus
1252 3063 1303 3107 L.
1336 3064 1487 3106 Iunius
1528 3063 1665 3107 Silani
1705 3064 1732 3107 l.
1769 3064 1892 3105 Paris
1931 3063 2008 3105 dis-

287 3127 578 3184 pe(n)s(ator)‚
611 3129 775 3173 calator
803 3144 1020 3185 augurum
1051 3130 1119 3174 VI
1138 3133 1256 3174 2187
1278 3151 1335 3166 =
1367 3135 1483 3176 7445.

201 3196 284 3238 548
314 3202 360 3238 L.
387 3197 593 3251 (IVNIVS)
625 3204 835 3240 SILANVS
867 3198 1024 3241 flamen
1054 3199 1266 3242 Martialis
1298 3200 1469 3243 tabulae
1500 3215 1650 3243 aercae
1677 3199 1906 3254 hospitales
1940 3198 2014 3254 (es.

286 3263 424 3318 infra)
455 3264 627 3319 (flamen
655 3265 819 3309 videtur
848 3267 989 3321 factus
1020 3281 1105 3310 esse
1135 3282 1176 3310 a.
1196 3271 1271 3318 22,
1303 3282 1384 3322 quo
1413 3268 1460 3313 C.
1482 3269 1634 3310 Iunius
1660 3268 1849 3318 Silanus
1881 3281 2014 3322 supra

284 3346 327 3376 n.
347 3335 439 3382 545,
473 3332 699 3376 damnatus
727 3334 816 3383 est).
866 3335 1028 3379 Consul
1049 3336 1254 3379 suffectus
1284 3351 1382 3378 cum
1403 3337 1451 3379 C.
1475 3336 1650 3379 Vellaeo
1673 3337 1835 3378 Tutore
1866 3351 2013 3378 mense
