2202 3724
291 286 538 321 LABERIVS
1149 277 1232 318 258
1839 284 2089 321 LABIENVS

375 415 538 469 Ioseph.
571 415 607 455 b.
636 413 732 456 Iud.
766 416 802 463 7,
833 416 871 463 6,
901 416 939 456 6.
1000 413 1261 454 Procurator
1299 412 1591 469 (amphiteatri
1630 412 1850 467 Flaviani)
1893 421 1936 457 et
1973 430 2093 471 prae-

375 483 512 524 fectus
548 495 744 523 annonae
773 496 809 523 a.
840 481 895 523 80
922 484 1002 522 act.
1032 480 1137 522 Arv.
1169 482 1192 534 (
1196 479 1264 522 VI
1284 480 1423 534 2059).
1479 481 1728 524 Praefectus
1756 481 1948 539 Aegypti
1977 498 2015 526 a.
2037 484 2093 527 83

375 550 475 604 dipl.
506 550 593 592 mil.
624 549 751 603 (Eph.
782 563 843 603 ep.
864 550 953 602 510.
973 551 1059 591 612
1088 568 1143 582 =
1170 548 1262 590 III
1285 548 1329 592 S.
1354 564 1402 603 p.
1423 549 1564 603 1962).

317 632 345 671 4
374 635 444 673 M‘.
477 634 723 670 LABERIVS
751 634 995 670 MAXIMVS.
1042 628 1149 670 Tria
1176 629 1350 670 nomina
1379 629 1543 671 eoehibct
1571 629 1672 683 dipl.
1693 630 1779 673 mil.
1803 632 1908 673 anni
1935 634 2018 673 103
2046 632 2094 673 in

374 696 594 739 consulatu
618 696 868 747 indicand0;
894 696 952 739 M:
974 695 1218 750 Laberi[us]
1241 729 1251 738 .
1271 729 1281 738 .
1300 729 1309 738 .
1329 729 1338 739 .
1372 696 1520 739 lectum
1549 700 1610 739 est
1639 697 1704 740 VI
1718 700 1800 740 854
1827 699 1901 741 sed
1929 698 2094 742 litterae

376 765 635 814 dimidiatae,
666 763 878 806 Laberius
908 763 1126 806 Maximus
1158 764 1292 814 Plin„
1323 765 1394 809 vit.
1426 765 1581 816 Hadr.,
1622 766 1839 809 Maximus
1868 766 1956 809 Dio
1977 770 2045 818 68,
2067 771 2094 810 9

374 834 445 889 (cf.
467 832 603 887 infra)
635 835 674 874 et
693 832 942 886 plerumque
971 833 1017 874 in
1046 832 1275 874 indicando
1300 833 1520 875 consulatu
1547 835 1651 876 anni
1667 837 1756 877 103.
1789 859 1840 864 ——
1873 834 2019 878 Filius
2047 839 2095 877 ut

373 900 536 942 videtur
556 901 644 942 eius
664 901 737 954 qui
747 900 977 954 praecedit.
1025 899 1183 943 Consul
1200 900 1400 952 suffectus
1419 916 1459 943 a.
1482 902 1576 951 inc„
1603 902 1679 944 sub
1700 901 1949 946 Domitiano
1970 907 2092 958 puto.

374 969 520 1010 Primo
551 967 664 1010 bello
696 968 859 1010 Dacico
891 969 1068 1010 Traiani
1101 968 1306 1024 oppidum
1334 969 1550 1025 quoddam
1577 970 1789 1013 munitum
1818 977 1861 1013 et
1885 970 2093 1013 Decebali

374 1037 487 1091 regis
523 1051 713 1078 sororem
750 1037 865 1092 capit
893 1035 982 1078 ‚Dio
1010 1038 1077 1086 68,
1106 1039 1144 1086 9,
1186 1037 1225 1078 si
1261 1036 1428 1090 quidem
1465 1037 1533 1079 hic
1565 1038 1788 1080 Mascimus
1825 1038 2093 1093 intelleyitur.

375 1106 537 1148 Servus
569 1107 659 1147 eius
692 1106 736 1146 in
766 1105 931 1147 Moesia
961 1104 1015 1147 ab
1058 1104 1250 1147 hostibus
1290 1112 1440 1161 captus
1468 1105 1587 1148 Plin.
1617 1106 1685 1150 ad.
1722 1106 1839 1148 Trai.
1872 1110 1944 1157 74,
1984 1106 2095 1149 unde

376 1174 557 1228 leyatum
588 1173 779 1216 Moesiae
819 1188 911 1216 eum
949 1174 1081 1227 fuisse
1111 1187 1203 1215 cum
1241 1174 1392 1216 bellum
1421 1173 1630 1216 Dacicum
1655 1178 1815 1229 yestum
1845 1178 1917 1225 est,
1957 1173 2096 1226 effecit

377 1242 636 1297 Boryhesius
666 1256 758 1296 opp.
791 1245 819 1284 3
845 1256 888 1296 p.
911 1245 965 1284 70
994 1243 1048 1295 cf.
1078 1246 1105 1284 4
1125 1257 1173 1296 Ρ.
1195 1245 1290 1284 168.
1351 1241 1446 1284 Cos.
1477 1243 1521 1284 ΙΙ
1562 1242 1653 1285 ord.
1694 1239 1731 1285 a.
1765 1244 1867 1297 103,
1910 1243 2095 1299 primum

376 1325 473 1353 cum
504 1310 691 1352 Traiano
731 1311 930 1366 quintum
969 1310 1095 1363 fasti,
1138 1309 1294 1352 deinde
1333 1325 1431 1352 cum
1473 1310 1526 1363 Q.
1565 1310 1699 1354 Glitio
1730 1310 1864 1353 Atilio
1891 1310 2096 1366 Agricola

375 1378 477 1432 dipl.
503 1377 591 1419 mil.
615 1377 915 1419 Britannicum
940 1378 1044 1432 (HI
1057 1392 1105 1431 p.
1124 1381 1205 1420 864
1224 1398 1279 1412 Ξ
1301 1378 1395 1420 VII
1413 1378 1551 1432 1193).
1593 1377 1662 1421 Ob
1689 1379 1858 1435 imperii
1891 1380 2095 1435 suspicio-

376 1461 476 1488 nem
506 1448 552 1488 in
582 1445 765 1488 insulam
796 1445 1009 1500 relegatus
1041 1445 1121 1488 sub
1151 1446 1361 1500 Traian03
1394 1447 1587 1502 parcitur
1615 1448 1655 1489 ei
1685 1446 1740 1489 ab
1770 1447 1995 1489 Hadriano
2024 1448 2095 1491 vit.

375 1514 515 1557 Hadr.
541 1517 580 1557 5.

320 1585 345 1626 5
376 1582 487 1625 *CN.
518 1582 797 1636 LABE[RIVS]
830 1588 1019 1623 PAETVS
1052 1596 1135 1624 cos.
1168 1582 1302 1637 desig.
1335 1587 1362 1625 t.
1384 1583 1622 1625 Patavinus
1642 1598 1670 1625 a
1692 1583 1954 1626 Mommseno
1983 1583 2097 1626 dam-

375 1654 503 1693 natus
533 1649 715 1694 V210*.
775 1650 829 1693 Ut
853 1651 1035 1704 yenuino
1067 1665 1112 1693 co
1139 1652 1276 1693 utitur
1306 1651 1563 1705 Boryhesius
1594 1666 1686 1706 opp.
1707 1653 1735 1694 5
1753 1666 1800 1705 p.
1821 1654 1917 1695 251.

292 1745 349 1750 —
380 1726 420 1761 C.
452 1725 684 1760 ETRILIVS
716 1725 963 1760 REGILLVS
994 1725 1241 1761 LABERIVS
1274 1725 1489 1763 PRISCVS.

323 1801 349 1842 6
381 1805 422 1841 C.
454 1805 701 1840 LABERIVS
734 1805 1039 1852 QVARTINVS,
1077 1799 1227 1841 consul
1258 1799 1479 1852 (suffectus
1510 1814 1548 1843 a.
1575 1799 1692 1852 inc.),
1735 1800 1968 1855 septemvir
1997 1814 2098 1856 epu-

377 1867 536 1920 lonum,
567 1867 804 1908 Faustinae
833 1865 946 1920 Aug.
979 1866 1150 1909 titulum
1181 1868 1325 1923 posuit
1354 1867 1575 1909 Ferentini
1606 1882 1645 1909 a.
1669 1868 1750 1910 173
1779 1867 1829 1910 X
1849 1870 1976 1914 5824.
2029 1868 2097 1923 Of.

378 1935 586 1989 Boryhesi
615 1949 708 1989 opp.
730 1936 756 1977 5
777 1950 826 1989 p.
845 1938 929 1978 249
948 1949 1030 1989 seq.

325 2016 348 2057 7
377 2021 599 2056 LABERIA
629 2021 796 2055 GALLA
827 2014 876 2057 C.
908 2015 960 2068 f.,
1003 2014 1240 2057 clarissima
1269 2015 1450 2069 femina,
1495 2029 1604 2057 uxor
1631 2015 1686 2058 A.
1718 2015 1894 2070 Egnatii
1925 2016 2102 2059 Proculi

383 2083 451 2126 VI
472 2086 591 2125 1406.
625 2107 676 2112 —
711 2082 811 2124 Non
842 2084 1029 2136 pertinet
1066 2083 1145 2125 huc
1181 2083 1368 2125 Laberia
1406 2084 1455 2125 L.
1493 2083 1521 2127 f.
1555 2082 1684 2127 Galla
1721 2084 1938 2126 flaminica
1975 2099 2097 2141 prov.

381 2152 633 2193 Lusitaniae
663 2151 724 2193 ΙΙ
734 2153 829 2193 339.
1077 2161 1079 2163 ’

325 2232 350 2273 8
380 2237 601 2272 LABERIA
638 2236 930 2271 POMPEIANA
971 2229 1209 2272 clarissima
1252 2230 1433 2285 femina,
1482 2231 1641 2272 coniux
1677 2231 1737 2275 M.
1780 2229 1876 2286 [CL]
1915 2230 2100 2273 Macrini

381 2298 577 2341 Vindicis
607 2299 947 2352 Hermogeniani
978 2298 1202 2341 clarissimi
1231 2299 1314 2340 viri
1345 2305 1387 2340 et
1414 2298 1650 2341 consularis
1680 2298 1730 2341 X
1755 2301 1875 2341 4861.

326 2380 352 2421 9
382 2380 432 2421 T.
454 2378 672 2421 Labienus
694 2385 848 2420 orator.
899 2378 979 2420 Vix
998 2379 1084 2431 fuit
1104 2379 1220 2433 filius
1245 2379 1293 2432 Q.
1314 2379 1498 2421 Labieni
1524 2379 1598 2432 qui
1626 2392 1720 2420 cum
1748 2378 1926 2420 Parthis
1952 2381 2102 2420 contra

382 2447 599 2489 Romanos
618 2447 828 2500 puynavit
857 2447 922 2501 (id
950 2447 1059 2488 enim
1087 2461 1172 2488 non
1199 2447 1427 2489 memorari
1454 2447 1609 2488 mirum
1638 2446 1757 2500 esset)
1771 2480 1781 2499 ‚
1819 2446 1894 2488 sed
1921 2447 2103 2500 fortasse

384 2516 533 2569 affinis
571 2515 670 2557 eius.
701 2539 758 2544 —-
786 2514 1001 2556 Iudicium
1041 2514 1094 2556 de
1134 2530 1183 2556 eo
1215 2515 1376 2557 Seneca
1415 2518 1545 2558 contr.
1577 2518 1628 2556 10
1661 2529 1732 2569 pr.
1763 2516 1863 2557 4-5.
1924 2515 2033 2557 Erat
2062 2515 2102 2557 ei

385 2597 550 2625 summa
590 2589 777 2636 egestas,
825 2597 992 2624 summa
1036 2583 1233 2637 infamia,
1276 2597 1488 2625 summum
1527 2582 1669 2624 odium
1709 2583 1782 2636 (cf.
1823 2583 1965 2635 Quint.
2005 2583 2102 2626 inst.

383 2656 421 2702 4,
444 2656 481 2702 1,
504 2652 589 2705 11)‚·
619 2653 902 2707 Pompeianos
932 2652 1108 2707 spiritus
1139 2652 1327 2694 nondum
1358 2653 1404 2693 in
1433 2658 1553 2694 tanta
1579 2665 1685 2707 pace
1714 2657 1917 2707 posucrat
1945 2650 2106 2694 Seneca

387 2721 412 2764 l.
436 2734 470 2762 c.
510 2720 594 2761 Pro
615 2719 825 2762 Urbiniae
851 2720 1080 2762 heredibus
1101 2721 1191 2775 agit
1216 2727 1367 2762 contra
1388 2719 1622 2762 Pollionem
1651 2720 1793 2772 Quint.
1814 2720 1911 2761 inst.
1931 2722 1972 2769 4,
1992 2722 2031 2769 1,
2052 2722 2104 2761 11

386 2789 440 2842 cf.
467 2792 504 2838 1,
526 2790 565 2838 5,
586 2790 625 2830 8.
657 2791 696 2838 9,
716 2791 753 2837 3,
776 2792 850 2839 13;
881 2788 1042 2830 Seneca
1072 2792 1201 2832 contr.
1228 2793 1255 2830 4
1277 2789 1422 2842 praef.
1452 2792 1507 2839 2;
1532 2787 1761 2830 Charisius
1779 2788 1814 2829 I
1828 2802 1875 2841 p.
1899 2790 1956 2829 77
1978 2786 2107 2837 Keil;

387 2857 440 2910 cf.
472 2855 697 2903 Diomedes
726 2857 759 2897 I
771 2871 818 2909 Ρ.
839 2860 931 2906 376,
951 2860 980 2899 8
1001 2857 1103 2898 Keil
1134 2857 1227 2909 (ubi
1254 2857 1441 2898 traditur
1472 2857 1654 2910 Libius).
1718 2854 1990 2897 Declamavit
2017 2869 2104 2897 non

386 2923 565 2980 populo,
609 2923 685 2965 sed
716 2925 886 2979 egregie
917 2924 1078 2967 Seneca
1108 2928 1238 2966 contr.
1271 2925 1298 2967 l.
1330 2939 1362 2967 c.
1395 2926 1450 2978 cf.
1483 2928 1547 2974 10,
1577 2927 1621 2973 2,
1647 2927 1709 2966 19.
1740 2927 1780 2974 3,
1810 2925 1849 2966 5.
1876 2926 1940 2966 15.
1970 2927 2010 2974 4,
2037 2926 2104 2968 17.

387 2994 455 3036 18.
486 2995 556 3035 24.
627 2992 809 3048 Scripsit
846 2992 1066 3034 historiam
1108 2993 1269 3036 Seneca
1307 2996 1438 3035 contr.
1468 2996 1521 3035 10
1553 3007 1624 3046 pr.
1654 2995 1695 3036 8.
1755 2990 1878 3033 Libri
1918 2991 2010 3033 eius
2050 3005 2107 3032 ex

390 3066 560 3102 senatus
592 3059 787 3102 consulto
819 3061 1029 3103 combusti
1062 3062 1222 3104 Seneca
1252 3061 1277 3105 l.
1310 3076 1344 3103 c.
1374 3062 1407 3115 5
1435 3062 1484 3112 5;
1520 3061 1636 3103 Suet.
1665 3059 1757 3103 Cal.
1786 3063 1840 3102 16
1877 3059 2108 3115 (permissu

390 3127 613 3182 Caligulae
654 3129 851 3184 requisiti
891 3135 934 3170 et
972 3144 1122 3171 rursus
1165 3129 1264 3171 lecti
1305 3129 1421 3173 Suet.
1463 3129 1490 3171 l.
1518 3130 1585 3183 c.).
1645 3127 1714 3171 Ob
1754 3127 1866 3170 hanc
1905 3127 2106 3169 iniuriam

389 3202 567 3238 mortem
599 3195 683 3238 sibi
715 3197 924 3238 conscivit
953 3196 1113 3239 Seneca
1144 3197 1169 3240 l.
1202 3211 1236 3239 c.
1266 3197 1298 3251 5
1326 3200 1366 3241 7.

308 3276 361 3318 10
391 3281 640 3316 LABIENVS
692 3280 886 3316 PVDENS
938 3281 1269 3317 CAECILIANVS
1315 3275 1576 3317 clarissimus
1621 3275 1689 3316 vir
1734 3274 1921 3317 Saturno
1965 3273 2110 3330 posuit

393 3341 566 3385 titulum
597 3342 718 3385 VIII
741 3345 835 3385 871.
