2190 3724
257 282 509 320 DIODORVS
1136 273 1190 315 14
1788 276 2056 313 DIONYSIVS

257 416 311 458 80
341 413 560 456 Diodorus
592 410 784 464 Siculus,
822 424 877 451 ex
906 407 1073 464 Agyrio
1114 408 1203 462 ipse
1232 411 1270 459 1,
1301 411 1330 450 4
1369 407 1688 463 (Syracusanus
1719 406 1840 449 Plin.
1869 407 1910 449 k.
1942 421 1983 450 n.
2014 408 2062 450 in

343 494 513 525 recensu
542 482 760 522 auctorum
790 476 817 519 l.
839 477 932 519 III.
966 476 1007 518 V
1029 490 1182 527 errore,
1213 476 1301 518 nisi
1332 476 1443 529 forte
1474 475 1584 518 alius
1603 474 1821 517 Diodorus
1841 489 1891 517 θος
1913 475 2066 518 Sicilia

344 550 640 605 siynificatur),
673 547 846 602 scripsit
866 544 1155 601 quadraginta
1178 543 1302 586 libris
1323 543 1544 586 historiam
1564 543 1715 585 mundi
1735 558 1873 599 usque
1893 543 1946 585 ad
1969 558 2065 585 con-

347 618 532 661 sulatum
562 615 610 659 C.
634 614 832 657 Caesaris
862 613 1049 669 primum
1081 612 1138 666 (a.
1165 627 1208 655 u.
1241 627 1277 656 c.
1300 613 1402 667 695)
1435 612 1524 667 {pse
1555 611 1581 653 l.
1613 625 1660 662 c.,
1692 626 1821 668 quam
1851 612 2069 668 inscripsit

348 687 612 746 βιβλιοθήκην.
648 684 700 725 In
718 682 799 724 hac
820 695 953 737 opera
971 687 1205 737 occupatus
1227 681 1405 736 triginta
1426 695 1582 734 annos3
1605 681 1696 722 eius
1717 694 1847 722 causa
1866 694 2068 741 magnam

348 760 514 811 partem
534 752 735 807 Europae
757 756 799 792 et
818 749 950 792 Asiae
970 755 1198 805 peragrat3
1229 749 1392 791 Romae
1419 748 1494 790 diu
1524 754 1716 790 moratur
1740 748 1797 790 ib.
1840 748 2069 802 Scripsisse

347 821 586 865 Diodorum
607 822 708 874 post
735 821 909 860 mortem
935 817 1135 860 Caesaris
1157 820 1337 872 apparet
1361 831 1412 859 ex
1431 820 1469 867 1,
1491 820 1530 867 4,
1561 817 1779 870 scripsisse
1799 819 1902 871 post
1928 831 1968 858 a.
1993 819 2070 859 733

348 905 397 933 ex
422 892 487 940 16,
520 891 548 931 7
572 887 736 942 colleyit
766 886 1003 929 Mommsen
1030 890 1135 928 ro'm.
1165 884 1343 927 Forsch.
1380 888 1412 928 ,2
1441 899 1490 939 p.
1520 887 1600 927 549
1638 887 1725 927 not.
1765 882 1841 937 (ad
1879 898 1919 929 a.
1959 885 2067 927 Abr.

347 961 456 1001 1968
484 977 540 993 =
570 970 611 998 u.
643 968 678 998 c.
710 957 791 997 705
819 955 1069 997 mentionem
1099 954 1187 996 eius
1218 953 1328 1007 facit
1350 953 1633 1007 Hieronymus
1664 952 1830 1004 cliron.;
1858 953 1996 1009 γέγονε
2027 954 2071 996 δὲ

352 1028 413 1070 ἐπὶ
443 1030 520 1069 τῶν
551 1025 706 1082 χρόνων
728 1023 955 1079 Αὐγούστου
976 1022 1176 1080 Καίσαρος
1204 1024 1269 1065 καὶ
1299 1023 1432 1065 ἐπάνω
1455 1021 1614 1064 Suiclas
1634 1034 1667 1063 s.
1688 1023 1758 1078 a).
1804 1021 2073 1063 Memoratur

352 1110 379 1138 a
410 1094 559 1136 Plinio
590 1093 687 1135 laist.
718 1095 807 1135 nat.
830 1092 976 1146 praef.
1006 1094 1076 1142 25,
1115 1090 1262 1133 deinde
1292 1105 1319 1133 a
1348 1091 1516 1133 Iustino
1543 1093 1730 1144 martyre
1759 1089 1947 1144 aliisque.
2003 1088 2071 1143 Cf.

349 1162 582 1207 Fabricius
614 1160 713 1204 bibl.
753 1159 831 1203 Gr.
863 1160 925 1203 ed.
955 1159 1118 1203 Harles
1146 1159 1227 1202 IV
1239 1174 1288 1214 p.
1317 1162 1397 1201 361
1425 1172 1507 1212 seq.

267 1246 318 1288 81
353 1242 575 1286 Diodorus
613 1239 770 1283 nobilis
811 1239 1084 1282 citharoedus
1113 1239 1297 1282 Neronis
1328 1237 1590 1294 temporibus
1619 1236 1708 1280 Dio
1738 1240 1802 1288 63,
1832 1239 1872 1288 8,
1903 1239 1974 1280 20.
2033 1235 2075 1278 A

351 1311 619 1367 Vespasiano
650 1308 837 1351 ducenta
867 1309 1064 1350 sestertia
1093 1308 1250 1364 accipit
1280 1307 1400 1350 Suet.
1434 1306 1552 1360 Vesp.
1584 1308 1649 1348 19.
1905 1302 1907 1304 ’

265 1407 321 1412 —
351 1385 533 1422 AELIVS
564 1383 828 1421 DIODOTVS.

267 1462 321 1504 82
352 1461 573 1514 Diogenes
596 1457 916 1513 grammaticus,
940 1470 1036 1498 cum
1057 1455 1199 1498 Rhodi
1218 1454 1442 1498 Tiberium
1465 1454 1724 1506 offendisset,
1746 1454 1908 1497 Romae
1928 1459 2075 1510 postea

351 1528 406 1571 ab
439 1542 487 1570 eo
519 1540 606 1569 non
637 1525 846 1568 admissus
877 1524 993 1567 Suet.
1028 1525 1121 1567 Tib.
1148 1527 1219 1567 32.

266 1611 321 1653 83
351 1609 584 1663 Diogenes,
618 1604 898 1662 philosophus
929 1605 1120 1660 cynicus,
1158 1603 1284 1660 pleno
1314 1603 1481 1646 theatro
1512 1603 1556 1644 in
1589 1602 1736 1644 Titum
1767 1608 1810 1644 et
1835 1602 2076 1644 Berenicen

354 1675 593 1729 invehitur3
623 1675 759 1729 virgis
791 1688 941 1715 caesus
972 1672 1060 1716 Dio
1087 1675 1152 1723 66,
1184 1674 1251 1716 15.

268 1772 325 1777 —
354 1746 414 1788 M.
445 1743 652 1787 Aurelius
681 1742 914 1797 Diogenes,

269 1841 326 1845 —
357 1818 605 1856 CLAVDIVS
637 1816 905 1853 DIOGENES.

269 1909 327 1914 ——
357 1887 571 1924 FVLVIVS
603 1884 961 1921 DIOGENIANVS.

274 1953 329 1994 84
358 1951 603 2004 Diognetus
649 1948 938 2002 (Diogenetus
994 1947 1106 1988 vitae
1151 1945 1350 2002 codices),
1395 1944 1532 1987 Marci
1576 1943 1745 1987 Aurelii
1793 1943 2081 1986 adulescentis

356 2019 565 2073 magister
594 2017 637 2058 in
674 2015 892 2072 pingendo
924 2015 1013 2057 vita
1043 2014 1192 2058 Marci
1226 2017 1265 2064 4,
1307 2016 1346 2056 9.
1406 2012 1528 2055 Idem
1559 2019 1607 2055 ut
1634 2012 1810 2054 videtur
1838 2012 2083 2067 Diognetus

359 2088 503 2130 Marc.
532 2085 690 2128 Anton.
722 2088 760 2135 1,
793 2087 832 2127 6.

273 2170 327 2211 85
359 2165 606 2220 Diomedes,
643 2164 831 2219 Augusti
861 2163 1133 2220 dispensator
1163 2161 1278 2205 Suet.
1309 2161 1422 2216 Auy.
1457 2164 1524 2204 67.

274 2250 328 2292 86
359 2245 594 2290 Diomedes
635 2244 802 2298 rhetor,
847 2243 1007 2285 Romae
1046 2248 1220 2285 curatus
1260 2256 1287 2283 a
1327 2240 1493 2285 Galeno
1540 2240 1729 2284 Galenus
1767 2241 1855 2297 περὶ
1888 2244 1957 2283 τοῦ
1994 2257 2084 2297 προ-

359 2318 560 2372 γινώσκειν
591 2327 624 2356 c.
655 2315 682 2356 5
712 2309 918 2366 (XIVp.
949 2314 1032 2355 625
1064 2311 1157 2368 K).

278 2396 331 2439 87
364 2394 604 2450 Dionysius
625 2392 731 2435 Arei
751 2391 1007 2449 philosophi,
1041 2390 1228 2446 Augusti
1251 2390 1390 2443 amici,
1424 2388 1551 2444 filius,
1584 2395 1626 2431 et
1654 2390 1747 2445 ipse
1768 2386 2087 2430 contubernalis

365 2463 555 2517 Augusti
587 2461 704 2505 Suet.
736 2460 849 2515 Auy.
880 2463 950 2502 89.

280 2534 334 2576 88
365 2531 605 2586 Dionysius
635 2528 1006 2582 HalicarnassiuS,
1043 2526 1284 2570 Alexandri
1325 2526 1354 2568 f.
1385 2527 1475 2580 ipse
1512 2528 1598 2568 ant.
1628 2525 1752 2567 Rom.
1783 2528 1821 2575 1,
1852 2527 1892 2575 8,
1929 2523 2085 2578 rhetor,

366 2601 530 2643 Romae
571 2598 731 2653 degens
771 2597 872 2639 inde
912 2596 966 2639 ab
1008 2610 1121 2638 anno
1164 2595 1247 2638 724
1285 2595 1342 2637 ib.
1384 2608 1418 2636 c.
1460 2597 1496 2644 7,
1539 2593 1763 2636 familiaris
1801 2591 2087 2648 complurium

366 2667 577 2710 nobilium
606 2667 800 2709 virorum
829 2666 900 2716 ib„
930 2666 976 2707 in
1006 2664 1074 2706 his
1105 2663 1158 2717 Q.
1180 2662 1295 2706 Aelii
1327 2662 1568 2705 Tuberonis
1599 2660 1805 2715 (consulis
1832 2662 1925 2703 sine
1954 2660 2087 2702 dubio

366 2752 404 2778 a.
438 2736 560 2790 743),
602 2735 658 2777 ad
688 2749 819 2791 quem
858 2733 978 2776 dedit
1015 2732 1175 2775 librum
1202 2733 1291 2788 περὶ
1319 2736 1388 2774 τοῦ
1419 2731 1658 2773 Θουκυδίδου
1689 2733 1950 2787 χαρακτῆρος,
1986 2729 2089 2770 item

369 2804 448 2848 Cn.
480 2804 698 2859 Pompeii,
738 2802 793 2845 ad
826 2817 955 2859 quem
992 2801 1166 2858 scripsit
1195 2799 1407 2842 iudicium
1443 2799 1497 2841 de
1526 2798 1718 2842 Platone.
1780 2797 1963 2853 Scripsit
1988 2795 2089 2839 Ῥω-

369 2877 510 2930 μαικῆς
541 2873 821 2929 ἀρχαιολογίας
859 2870 994 2913 libros
1028 2870 1121 2912 XX
1151 2868 1287 2911 editos
1319 2882 1429 2910 anno
1462 2868 1543 2910 747
1574 2870 1661 2909 ant.
1693 2870 1730 2917 1,
1761 2869 1788 2908 3
1818 2866 1872 2919 cf.
1907 2868 1958 2916 7,·
1997 2879 2091 2907 eam

369 2942 461 2997 ipse
491 2942 535 2983 in
567 2941 782 2997 epitomen
808 2939 976 2994 redegit
999 2938 1214 2980 librorum
1233 2937 1275 2979 V
1297 2936 1482 2978 Photius
1503 2935 1602 2978 bibl.
1625 2935 1712 2977 cod.
1734 2937 1802 2977 84.
1832 2933 1901 2976 De
1919 2933 2093 2987 reliquis

367 3009 539 3063 scripas
569 3009 658 3050 eius
687 3009 741 3062 cf.
772 3007 1004 3050 Fabricius
1031 3006 1149 3049 Bibl.
1187 3005 1265 3048 Gr.
1297 3005 1360 3047 ccl.
1391 3004 1551 3046 Harles
1581 3003 1660 3046 IV
1673 3017 1720 3058 p.
1750 3006 1832 3044 394
1860 3015 1943 3056 seq.
1993 3001 2093 3058 Πρό-

372 3094 486 3134 γονος
524 3081 592 3119 τοῦ
629 3077 691 3118 ἐπὶ
730 3075 926 3133 Ἀδριανοῦ
965 3075 1170 3131 γεγονότος
1208 3073 1434 3116 Ἀττικιστοῦ
1474 3072 1634 3116 Suidas
1662 3085 1696 3114 s.
1727 3084 1764 3113 v.
1825 3070 2094 3113 Memoratur

371 3147 424 3188 ab
457 3144 626 3199 aequali
651 3144 862 3188 Strabone
891 3147 943 3186 14
974 3158 1022 3198 2).
1055 3145 1145 3193 656,
1175 3145 1329 3197 postca
1359 3155 1387 3186 a
1422 3140 1685 3194 Quintiliano
1723 3139 1821 3181 inst.
1861 3141 1901 3189 3,
1940 3141 1978 3188 1,
2019 3140 2096 3188 16,-

370 3218 409 3264 9,
438 3217 477 3264 3,
507 3215 577 3255 89.
609 3226 642 3255 c.
672 3216 711 3263 4,
743 3215 810 3262 88,
843 3211 1093 3261 Plutarcho,
1127 3211 1239 3253 aliis.

286 3283 340 3325 89
369 3282 607 3338 Dionysius
651 3280 867 3335 Milesius,
914 3279 1072 3322 rhetor.
1138 3279 1207 3321 De
1244 3293 1293 3320 eo
1331 3277 1623 3320 Philostratus
1661 3275 1733 3317 vit.
1773 3274 1890 3329 soph.
1930 3277 1979 3324 1,
2019 3276 2094 3317 22.

372 3350 557 3394 Auditor
596 3349 692 3392 Isaei
731 3348 1018 3391 Philostratus
1052 3348 1079 3390 l.
1117 3362 1149 3390 c.
1189 3350 1228 3390 et
1261 3361 1295 3389 c.
1326 3349 1397 3390 20.
1463 3346 1605 3388 Docet
1643 3345 1830 3400 primum
1869 3340 2010 3385 Lesbo
2050 3342 2095 3383 in
