2202 3724
231 296 397 332 IVLIVS
1095 288 1177 330 184
1870 294 2036 332 IVLIVS

318 440 351 468 c.
383 429 410 468 4
440 439 487 479 p.
519 427 599 467 549
639 422 728 476 (secl
762 438 853 465 eam
895 423 1160 478 adoptionem
1186 426 1339 477 postea
1365 436 1452 476 pro
1485 422 1607 465 nulla
1641 422 1832 466 habitam
1868 438 1953 467 esse
1992 440 2042 468 ex

318 493 440 536 titulo
484 493 571 535 eius
614 491 842 545 sepulcrali
886 491 954 533 VI
978 494 1064 534 172
1101 491 1194 533 iure
1234 490 1399 545 colleyit
1436 490 1483 534 Ο.
1515 491 1767 545 Hirschfeld
1802 492 1948 536 Herm.
1984 496 2043 537 25

320 576 366 616 p.
388 564 469 603 366
497 563 582 602 not.
603 562 660 616 4),
691 558 1020 615 appellatusque
1051 559 1251 615 princeps
1281 560 1517 601 iuventutis
1544 558 1659 604 Suet.
1690 560 1716 603 l.
1749 573 1797 611 c.,
1828 559 1916 603 Dio
1947 561 1974 603 l.
2006 575 2040 606 c.

318 630 472 671 Frater
502 627 677 670 Arvalis
714 630 793 670 act.
825 627 930 689 Ari).
961 627 1037 669 sub
1070 627 1108 669 d.
1140 630 1197 671 24
1228 627 1340 670 Mai.
1370 630 1438 671 38.
1467 651 1525 657 —-
1558 626 1748 671 Obtentu
1787 628 2041 671 insidiarum

318 695 444 739 Philo
476 696 551 750 leq.
586 696 610 738 l.
643 709 676 737 c.
709 695 765 749 cf.
787 694 874 737 Dio
906 695 932 737 l.
965 709 1012 745 c.,
1045 694 1257 737 occiditur
1282 710 1307 737 a
1327 694 1375 738 C.
1398 695 1584 738 Caesare
1607 711 1644 739 a.
1664 697 1718 739 37
1740 696 1866 739 Philo
1888 697 1961 751 leq.
1985 697 2043 739 acl

315 765 474 808 Gaium
493 767 531 806 4.
551 766 590 814 5,
622 764 668 805 in
684 761 892 805 Flaccum
913 766 951 805 3.
973 767 1012 814 4,
1046 763 1162 807 Suet.
1190 762 1282 809 Cal.
1303 766 1362 807 23
1382 764 1437 818 ef.
1454 767 1526 815 29,
1549 763 1638 807 Dio
1657 766 1723 815 59,
1745 767 1784 808 8.
1826 766 1877 807 In
1897 764 2040 807 locum

319 834 411 875 eius
441 832 586 874 fratris
618 830 791 873 Arvalis
818 830 929 873 alius
959 837 1183 888 cooptatus
1213 831 1254 874 d.
1285 832 1341 874 24
1369 832 1473 875 Mai.
1503 832 1557 875 38
1589 835 1668 875 act.
1690 832 1794 876 Arv.

236 947 315 989 153
344 945 481 988 Iulius
522 945 729 1000 Galenus,
773 947 938 1000 origine
978 945 1179 1001 Aeduus,
1221 945 1443 1001 tribunus,
1484 946 1641 988 missus
1672 961 1698 988 a
1727 946 1910 990 ducibus
1941 947 2039 990 Fla-

318 1015 458 1056 vianis
489 1015 533 1055 in
565 1013 752 1057 Galliam
781 1015 957 1056 nuntius
988 1015 1197 1056 victoriae
1228 1013 1528 1056 Cremonensis
1564 1014 1662 1057 Tac.
1683 1014 1720 1056 h.
1741 1018 1780 1066 3,
1801 1018 1867 1058 35.

236 1089 317 1131 154
348 1088 395 1131 C.
417 1087 553 1130 Iulius
576 1087 781 1131 Callistus
812 1089 890 1142 (sic
912 1087 1162 1132 Scribonius
1183 1088 1342 1142 praefi,
1375 1087 1423 1131 C.
1445 1087 1582 1130 Iulius
1612 1088 1670 1131 ib.
1699 1102 1732 1130 c.
1753 1091 1832 1131 151
1861 1090 1901 1131 si
1928 1093 2038 1133 recte

317 1157 376 1199 sic
420 1156 570 1207 editur,
601 1159 830 1211 praeterea
874 1155 1112 1210 Callistus),
1160 1155 1208 1199 C.
1251 1156 1450 1200 Caesaris
1489 1156 1669 1199 libertus
1708 1157 1911 1211 Iosephus
1952 1161 2038 1201 ant.

317 1227 383 1275 19,
414 1222 537 1275 1‚‘10
567 1223 789 1280 (Callistus
821 1224 1018 1267 Caesaris
1049 1224 1206 1268 Claudi
1244 1224 1496 1267 libertorum
1537 1225 1730 1281 potentia
1759 1231 1884 1268 notus
1915 1226 2038 1270 Plin.

319 1293 360 1338 h.
379 1307 421 1336 n.
442 1296 508 1343 36,
533 1294 617 1347 60),
649 1294 847 1335 coniurat
875 1294 920 1335 in
950 1307 1046 1335 eum
1077 1293 1280 1347 Iosephus
1311 1293 1337 1337 l.
1370 1306 1429 1344 c.,·
1458 1292 1545 1335 Dio
1575 1295 1642 1343 59,
1665 1296 1748 1344 29,-
1778 1294 1831 1347 cf.
1868 1294 1966 1339 Tac.
1999 1308 2038 1338 a.

321 1365 384 1411 11,
416 1364 487 1404 29.
550 1360 732 1404 Claudio
777 1376 802 1403 a
844 1360 1002 1403 libellis
1046 1361 1127 1415 (ἐπὶ
1167 1365 1250 1408 ταῖς
1296 1362 1441 1418 βίβλοις
1479 1365 1557 1404 τῶν
1598 1362 1797 1408 ἀξιώσεων
1837 1362 2039 1416 ἐτέτακτο)

319 1429 516 1473 Zonaras
535 1432 600 1488 11,
623 1432 662 1472 9.
714 1428 878 1472 Cautus
899 1430 1015 1471 circa
1034 1428 1310 1472 Messalinam
1338 1430 1435 1474 Tac.
1461 1429 1486 1471 l.
1508 1443 1540 1471 c.
1567 1430 1620 1483 cf.
1643 1443 1676 1473 c.
1696 1432 1774 1480 38,·
1803 1444 1890 1486 qua
1910 1431 2039 1472 inter-

318 1497 432 1540 fecta
451 1496 636 1539 Lolliam
661 1497 905 1540 Paullinam
932 1497 1114 1540 Claudio
1146 1497 1416 1540 commendat
1441 1498 1538 1540 Tac.
1562 1512 1600 1539 a.
1622 1501 1692 1547 12,
1714 1501 1751 1541 1.
1773 1502 1816 1542 2.
1847 1498 2040 1541 Divitiae

319 1572 362 1608 et
390 1565 565 1607 luxuria
593 1566 684 1608 eius
715 1565 828 1608 Plin.
859 1565 898 1609 h.
928 1580 970 1608 n.
1001 1568 1067 1616 33,
1098 1568 1190 1608 134.
1230 1569 1297 1616 36,
1328 1568 1394 1608 60.
1454 1565 1509 1608 Ei
1541 1565 1759 1608 dedicavit
1789 1566 2039 1609 Scribonius

318 1634 487 1688 Largus
516 1635 843 1690 compositiones
878 1633 1290 1676 medicamentorum
1324 1633 1464 1677 Scrib.
1494 1634 1626 1688 Lary.
1660 1647 1789 1688 comp.
1823 1635 1969 1689 praef.
2001 1638 2040 1677 et

320 1716 353 1745 c.
376 1704 454 1744 151
485 1705 524 1744 et
553 1702 648 1756 epil.
698 1702 813 1744 Filia
843 1703 934 1744 eius
964 1708 1103 1744 mater
1134 1701 1182 1744 C.
1207 1702 1462 1758 Nymphidii
1495 1702 1644 1745 Sabini
1675 1701 1793 1744 Plut.
1822 1702 1947 1746 Galb.
1970 1706 2008 1746 9.

237 1777 317 1820 155
348 1775 484 1818 Iulius
515 1775 776 1832 Calpurnius
817 1776 872 1818 ad
913 1777 1165 1818 memoriam
1204 1775 1396 1818 dictabat
1434 1777 1514 1819 sub
1549 1775 1683 1830 Car03
1725 1777 1816 1819 eius
1855 1777 2039 1833 epistula

320 1844 375 1886 ad
402 1843 665 1900 praefectum
695 1844 813 1887 urbis
844 1844 899 1886 de
927 1851 1064 1887 morte
1097 1844 1196 1888 Cari
1226 1845 1296 1886 vit.
1327 1844 1433 1887 Gari
1450 1847 1479 1887 8
1508 1845 1642 1902 (fiet).

239 1919 320 1961 156
349 1924 514 1960 IVLIVS
537 1924 832 1961 CALVASTER
853 1917 1183 1977 (Καλοῦαστρος),
1215 1918 1416 1962 tribunus
1445 1919 1627 1962 militum
1655 1919 1908 1975 laticlavius,
1940 1935 2039 1963 reus

323 1986 378 2029 ob
409 1987 640 2028 amicitiam
670 1988 721 2030 L.
752 1987 931 2029 Antonii
961 1988 1196 2042 Saturnini,
1226 1988 1302 2030 sed
1331 1987 1553 2031 absolutus
1582 1987 1670 2030 Dio
1692 1991 1756 2040 67,
1783 1991 1848 2032 11.

243 2061 319 2103 157
354 2060 426 2115 [0.]
457 2067 622 2103 IVLIVS
650 2067 886 2103 OAMILivs
910 2062 1173 2117 GAL[ER1vs
1199 2061 1377 2117 ASP]ER
1397 2068 1652 2116 e....01VS‚
1685 2062 1733 2106 O.
1755 2062 1856 2104 Iulii
1877 2062 2042 2106 Galerii

322 2128 454 2184 Aspri
493 2143 578 2171 cos.
615 2145 652 2173 a.
684 2131 766 2173 212
811 2128 948 2184 (infra
986 2144 1028 2172 n.
1059 2132 1159 2187 244)
1199 2129 1333 2183 filius,
1374 2130 1423 2174 C.
1454 2130 1556 2173 Iulii
1588 2130 1721 2187 Aspri
1759 2145 1845 2173 cos.
1885 2132 2041 2174 iterum

324 2212 362 2239 a.
383 2198 466 2239 212
498 2203 540 2239 et
566 2198 771 2253 praefecti
802 2197 922 2240 urbis
953 2197 1102 2253 (supra
1130 2213 1172 2241 n.
1194 2198 1290 2253 115)
1317 2213 1472 2256 nepos,
1505 2198 1769 2255 [septem]vir
1798 2198 2040 2255 epulonum,

322 2264 523 2321 lupercus
546 2266 692 2308 titulus
707 2267 899 2309 urbanus
920 2267 1019 2310 bull.
1042 2267 1258 2310 comunale
1276 2270 1390 2310 1887
1406 2283 1455 2322 p.
1477 2270 1559 2310 176
1578 2267 1793 2322 suppletus
1824 2282 1851 2309 a
1879 2266 2040 2310 Gattio.

242 2334 320 2375 158
353 2340 521 2376 IVLIVS
545 2339 796 2376 CANDIDVS
828 2333 1007 2388 (Κανδιτ-
1023 2349 1108 2390 pro
1133 2334 1298 2378 Κανδιδ-
1328 2335 1457 2390 tituli)
1487 2335 1717 2391 proconsul
1741 2335 1932 2378 Achaiae
1961 2334 2043 2377 sub

322 2401 545 2444 Hadriano
576 2403 712 2445 Inscr.
741 2402 817 2445 Gr.
841 2406 942 2458 sept.
963 2404 997 2446 I
1011 2407 1175 2446 70-74
1209 2404 1309 2459 (non
1337 2407 1433 2446 ante
1463 2418 1503 2446 a.
1524 2407 1618 2455 130,
1660 2404 1714 2458 cf.
1745 2403 2043 2458 Dittenberyer

325 2470 384 2512 acl
409 2484 450 2514 n.
484 2470 565 2525 70).
625 2470 830 2514 Fortasse
858 2485 943 2514 non
974 2472 1160 2514 diversus
1197 2486 1225 2514 a
1262 2472 1324 2515 Ti.
1355 2472 1469 2515 Iulio
1501 2471 1693 2515 Candido
1724 2473 1861 2526 fratre
1888 2471 2045 2514 Arvali

326 2552 365 2580 a.
388 2541 623 2582 105—120.

243 2607 323 2649 159
353 2613 518 2648 IVLIVS
551 2613 825 2663 CANDIDVS,
866 2623 1040 2665 praeses
1077 2609 1327 2665 provinciae
1359 2615 1407 2651 ut
1436 2609 1630 2663 videtur,
1671 2610 1740 2650 cui
1781 2608 1907 2650 divus
1938 2609 2043 2650 Pius

325 2676 545 2731 rescripsit
573 2675 785 2730 Ulpianus
804 2676 906 2731 Diy.
929 2680 995 2727 48,
1018 2681 1060 2728 2,
1086 2681 1121 2727 7,
1143 2680 1183 2719 3.

245 2743 325 2785 160
355 2743 491 2785 Iulius
537 2743 783 2788 Candidus:
829 2746 919 2787 eius
964 2745 1124 2787 dictum
1171 2745 1346 2801 aliquod
1390 2746 1494 2788 citat
1532 2745 1708 2787 Plinius
1739 2758 1801 2798 ep.
1831 2747 1869 2794 5,
1899 2747 1971 2794 20,
2002 2746 2042 2788 5.
2089 2743 2094 2747 ”

327 2811 530 2854 Fortasse
556 2813 594 2854 is
622 2813 696 2866 qui
722 2814 920 2867 sequitur.
942 2847 948 2852 .

245 2880 319 2921 161
356 2885 418 2921 TI.
449 2886 613 2922 IVLIVS
646 2887 895 2923 CANDIDVS
927 2882 1060 2924 frater
1089 2880 1283 2936 Arvalis,
1317 2881 1439 2923 adest
1467 2882 1511 2922 in
1541 2880 1722 2935 collegio
1752 2896 1790 2922 a.
1820 2880 1914 2923 105.
1947 2880 2041 2922 117.

334 2948 424 2990 118.
458 2949 553 2990 119.
586 2949 678 3003 120,
710 2949 865 2991 flamen
897 2965 931 2992 a.
958 2950 1039 2992 118
1061 2948 1243 3002 (sirecte
1262 2949 1469 3004 supplevit
1487 2948 1659 2991 Heneen
1689 2948 1757 2991 VI
1767 2951 1884 2992 2078
1912 2948 1975 2991 II
1986 2949 2041 3002 1),

327 3017 611 3071 promagister
641 3023 688 3059 ut
718 3018 889 3059 videtur
918 3034 956 3062 a.
980 3019 1061 3061 139
1093 3021 1173 3060 act.
1195 3018 1301 3060 Arv.
1333 3017 1459 3073 (idem
1488 3018 1669 3071 fortasse
1699 3018 1765 3059 Ti.
1787 3016 1954 3071 Iuliu[s]
1977 3048 2014 3058 ..
2032 3048 2042 3059 .

327 3085 373 3126 in
403 3085 510 3126 actis
536 3086 641 3127 anni
665 3086 815 3128 incerti
834 3087 987 3128 aetatis
1012 3086 1204 3136 Traiani,
1225 3085 1337 3140 Eph.
1360 3100 1421 3139 ep.
1441 3088 1470 3127 8
1491 3099 1539 3139 p.
1560 3087 1672 3141 330).
1712 3083 2045 3139 Distinyuendus

330 3155 417 3193 tam
448 3167 476 3194 a
510 3153 573 3194 Ti.
605 3153 718 3195 Iulio
746 3153 939 3196 Candido
973 3155 1124 3196 Mario
1150 3153 1291 3204 Celso,
1333 3167 1424 3195 cum
1463 3167 1543 3207 quo
1579 3154 1824 3195 nominatur
1861 3152 1908 3194 in
1937 3152 2045 3194 actis

330 3235 368 3263 a.
391 3223 482 3271 105,
514 3235 640 3274 quam
670 3235 698 3263 a
733 3222 795 3264 Ti.
827 3222 940 3264 Iulio
978 3222 1170 3265 Candido
1208 3221 1394 3264 Caecilio
1424 3221 1637 3275 Simplice,
1670 3235 1762 3263 cum
1792 3234 1872 3274 quo
1909 3219 2043 3262 nomi-

328 3291 458 3330 natur
495 3289 541 3330 in
580 3290 684 3331 actis
721 3304 759 3333 a.
790 3293 883 3334 117.
915 3293 1007 3333 118.
1038 3294 1123 3334 120
1161 3293 1200 3332 et
1238 3290 1356 3332 cuius
1395 3289 1483 3332 loco
1521 3290 1608 3332 vice
1646 3289 1843 3344 maqistri
1880 3287 2044 3330 videtur

330 3358 500 3411 functus
530 3370 614 3398 esse
644 3371 683 3399 a.
715 3361 807 3403 139.
