2202 3724
189 273 467 310 MARIAMME
1054 267 1139 310 343
1756 275 2002 312 MARIDIVS

277 410 405 460 capta
434 410 477 446 et
506 403 719 448 Caesarea
750 403 1070 448 Caesareanum
1100 419 1255 447 nomen
1295 406 1474 459 meruit3
1517 410 1646 462 atque
1686 405 1786 448 inde
1823 413 2003 449 vocatus

274 471 520 527 Augustus,
567 488 665 515 cum
705 488 873 515 omnem
915 474 1123 515 orientem
1163 473 1235 516 vel
1274 475 1432 516 virium
1471 473 1542 515 vel
1587 473 1794 517 audaciae
1840 481 2004 518 terrore

274 547 483 597 quateret,
514 547 681 598 patrem
705 556 807 583 vero
839 542 1126 584 interemisset
1148 542 1283 599 (quod
1304 542 1378 584 alii
1399 542 1592 584 historici
1617 550 1778 598 negant
1807 543 2000 599 factum),

273 609 365 665 ipse
396 624 473 666 per
502 609 681 652 insidias
712 624 911 664 suorum,
956 625 1054 652 cum
1086 610 1344 653 Valerianus
1380 612 1466 652 iam
1496 610 1551 652 ad
1583 610 1746 654 bellum
1778 612 1998 655 Persicum

270 678 452 733 veniret,
486 679 654 720 occisus
685 684 764 720 est‘
795 679 890 733 triy.
915 681 994 733 tyr.
1016 682 1059 729 2,
1082 681 1125 723 2.
1146 681 1174 721 3
1201 679 1255 732 cf.
1278 679 1517 722 Mommsen
1542 679 1639 724 hist.
1661 679 1785 722 Rom.
1807 683 1835 723 5
1853 694 1900 735 p.
1922 684 2000 724 431

270 748 356 788 not.
382 749 427 789 2.

186 814 270 856 202
300 813 568 869 Mariamme,
602 813 843 857 Alexandri
884 822 926 857 et
964 814 1242 857 Alexandrae
1282 815 1392 870 filia,
1439 816 1634 872 Hyrcani
1677 823 1719 859 et
1759 816 2000 860 Aristobuli

271 896 420 937 regum
443 883 632 925 Iudaeae
663 884 816 939 neptis,
848 883 1014 926 Herodi
1045 884 1260 940 desponsa
1290 884 1390 926 inde
1421 883 1475 926 ab
1506 900 1542 926 a.
1562 900 1606 927 U.
1628 900 1663 929 e.
1688 886 1769 928 712
1793 886 2002 941 Iosephus

271 953 357 995 ant.
379 954 444 1002 14,
466 955 538 1002 12,
560 955 599 993 1.
632 965 664 994 e.
686 955 751 1002 13,
775 955 803 994 7
831 952 886 1005 ef.
919 952 1014 994 bell.
1036 956 1074 1003 1,
1097 956 1168 1003 12,
1191 955 1230 994 3.
1274 952 1464 995 Herodis
1495 967 1607 995 uxor
1636 953 1739 996 inde
1769 954 1824 997 ab
1854 970 1892 998 a.
1916 955 1997 998 717

270 1023 358 1062 ant.
378 1023 443 1071 14,
466 1023 532 1070 15,
554 1024 620 1071 14,
654 1021 747 1063 bell.
770 1024 808 1071 1,
830 1024 895 1072 17,
917 1023 957 1063 8.
1012 1021 1083 1063 Ex
1113 1036 1163 1063 eo
1194 1028 1332 1064 mater
1364 1023 1492 1064 trium
1524 1022 1712 1064 filiorum
1743 1029 1786 1065 et
1816 1023 1999 1066 duarum

269 1087 455 1131 filiarum
490 1089 584 1132 bell.
610 1093 647 1143 1,
677 1092 753 1140 22,
774 1093 817 1133 2.
874 1089 927 1134 Α.
952 1090 1033 1132 725
1061 1105 1087 1132 a
1116 1091 1271 1132 marito
1308 1096 1461 1132 necata
1497 1097 1675 1147 propter
1711 1092 1999 1148 suspicionem

268 1156 470 1199 adulterii
502 1157 594 1199 bell.
619 1161 658 1208 1,
679 1161 742 1201 22
772 1158 826 1211 ef.
850 1161 936 1200 ant.
957 1161 1023 1208 15,
1044 1161 1083 1208 3,
1105 1161 1208 1209 5-9,
1242 1172 1275 1200 c.
1300 1162 1338 1209 7,
1358 1161 1447 1202 1-5
1477 1157 1533 1210 (et
1552 1163 1783 1214 praeterea
1812 1160 1998 1204 Schurer

274 1224 422 1268 Geseh.
455 1225 526 1268 des
546 1226 640 1280 jad.
674 1226 828 1269 Volks²
850 1226 884 1269 I
897 1241 946 1281 p.
966 1229 1069 1270 298.
1099 1229 1181 1269 316
1209 1230 1294 1269 not.
1316 1230 1401 1283 50).

181 1294 265 1336 203
294 1293 550 1335 Mariamme
572 1295 738 1349 (nomen
757 1298 817 1337 est
835 1294 1001 1349 Ioseph.
1025 1297 1111 1338 ant.
1133 1297 1200 1346 18,
1215 1297 1255 1346 5,
1272 1299 1311 1346 4,
1335 1295 1430 1338 bell.
1451 1299 1490 1346 1,
1507 1298 1578 1346 28,
1595 1300 1646 1347 4;
1675 1300 1745 1347 29,
1767 1300 1822 1349 2,·
1851 1301 1918 1349 30,
1943 1298 1997 1353 7),

268 1361 454 1404 Simonis
495 1362 602 1417 filia,
645 1369 822 1419 propter
861 1362 1228 1419 pulchritudinem
1267 1362 1323 1406 ab
1361 1364 1537 1406 Herode
1568 1379 1680 1406 uxor
1710 1365 1842 1407 ducta
1872 1366 1928 1420 (c.
1958 1382 1995 1411 a.

266 1446 307 1472 u.
330 1445 366 1475 c.
390 1431 490 1486 730)
512 1431 677 1486 Ioseph.
701 1435 788 1474 ant.
811 1434 876 1482 15,
897 1435 935 1482 9,
952 1428 996 1474 3.
1047 1432 1178 1474 Pater
1208 1433 1300 1474 eius
1328 1432 1384 1474 ad
1415 1432 1715 1488 pontificatum
1737 1441 1911 1476 evectus
1939 1436 1996 1478 ib.

264 1499 403 1542 Natus
444 1514 499 1541 ex
539 1515 590 1542 ea
628 1500 794 1542 Herodi
836 1500 951 1542 filius
990 1501 1164 1543 nomine
1201 1501 1399 1543 Herodes
1439 1501 1605 1556 Ioseph.
1645 1502 1737 1544 bell.
1773 1507 1811 1553 1,
1848 1505 1920 1553 28,
1955 1507 1994 1554 4,

265 1571 353 1610 ant.
386 1571 451 1619 17,
481 1571 521 1619 1,
551 1571 579 1610 3
609 1569 664 1622 ef.
695 1571 761 1619 18,
783 1570 821 1619 5,
843 1572 882 1613 4.
943 1568 1209 1625 Repudiata,
1251 1575 1400 1626 utpote
1441 1571 1612 1612 conscia
1652 1570 1906 1613 insidiarum
1942 1572 1996 1614 ab

264 1635 495 1692 Antipatro
525 1637 693 1679 Herodi
725 1643 984 1680 structarum
1015 1637 1182 1692 Ioseph.
1206 1641 1292 1681 ant.
1314 1642 1380 1689 17,
1400 1642 1440 1690 4,
1462 1642 1506 1690 2,
1540 1639 1632 1682 bell.
1653 1642 1693 1690 1,
1713 1642 1781 1691 30,
1806 1643 1841 1684 7.

178 1704 262 1747 204
291 1704 560 1759 Mariamme,
582 1704 786 1747 Archelai
818 1705 1079 1748 ethnarchae
1101 1706 1363 1749 Iudaeorum
1392 1722 1505 1749 uxor
1534 1708 1664 1763 prior,
1697 1707 1753 1750 ab
1785 1724 1833 1750 eo
1866 1724 1993 1765 repu-

263 1772 382 1815 diata
411 1779 460 1816 ut
490 1773 760 1830 Glaphyram
792 1774 970 1817 duceret
998 1774 1202 1829 Iosephus
1233 1778 1320 1818 ant.
1342 1778 1407 1826 15,
1430 1778 1494 1826 13,
1517 1779 1555 1826 4,
1590 1776 1682 1818 bell.
1704 1780 1747 1827 2,
1773 1780 1809 1828 7,
1830 1781 1868 1820 4.

178 1848 261 1890 205
292 1847 560 1902 Mariamme,
582 1848 755 1905 Iosephi
778 1855 821 1890 et
837 1848 1122 1904 Olympiadis,
1156 1849 1344 1892 Herodis
1364 1849 1514 1904 Magni
1534 1849 1658 1905 filiae,
1681 1850 1783 1906 filia,
1807 1851 1995 1894 Herodis

264 1917 379 1971 regis
410 1915 630 1959 Chalcidis
669 1932 782 1959 uxor
821 1918 964 1973 prior,
1005 1932 1060 1959 ex
1101 1917 1183 1960 hoc
1225 1925 1364 1961 mater
1400 1918 1641 1961 Aristobuli
1672 1919 1875 1974 Iosephus
1907 1925 1992 1965 ant.

261 1987 328 2036 18,
350 1987 390 2036 5,
410 1988 451 2028 4.
481 1988 549 2036 20,
570 1987 610 2036 5,
630 1989 675 2036 2,
708 1985 801 2030 bell.
824 1989 868 2037 2,
890 1989 956 2037 11,
978 1989 1016 2029 6.

109 2068 119 2070 ⁷
179 2059 263 2102 206
292 2059 558 2114 Mariamme,
580 2059 822 2102 Aristobuli
847 2066 889 2102 et
906 2061 1139 2103 Berenices
1170 2060 1271 2116 filia,
1305 2063 1419 2116 regis
1439 2062 1628 2104 Herodis
1654 2062 1804 2117 Magni
1835 2065 1988 2121 neptis,

258 2126 482 2184 Agrippae
510 2129 625 2182 regis
655 2143 778 2171 soror
806 2129 1011 2184 Iosephus
1042 2129 1136 2172 bell.
1159 2133 1197 2180 1,
1221 2132 1295 2181 28,
1318 2133 1358 2173 1.

179 2207 261 2250 207
292 2207 558 2261 Mariamme,
582 2208 799 2265 Agrippae
820 2215 863 2251 et
878 2208 1014 2265 Cypri
1032 2209 1122 2252 filia
1137 2210 1342 2264 Iosephus
1363 2210 1455 2252 bell.
1477 2214 1520 2261 2,
1544 2214 1609 2261 11,
1631 2214 1669 2262 6,
1693 2215 1780 2254 ant.
1802 2215 1868 2262 18,
1889 2215 1928 2263 5,
1950 2217 1989 2263 4,

260 2275 520 2332 desponsata
559 2292 586 2319 a
626 2283 747 2333 patre
777 2277 888 2320 Iulio
918 2277 1134 2320 Archelao
1166 2277 1371 2322 Chelciae
1408 2278 1496 2320 filio
1539 2282 1625 2321 ant.
1658 2283 1724 2330 19,
1761 2283 1799 2330 9,
1831 2284 1879 2331 1,
1922 2282 1990 2323 cui

259 2351 358 2401 post
386 2351 569 2387 mortem
589 2346 725 2402 patris
747 2347 896 2402 nupsit
917 2347 972 2389 ib.
994 2350 1066 2398 20,
1087 2350 1125 2397 7,
1147 2351 1187 2398 1,
1221 2354 1262 2389 et
1282 2347 1364 2389 hoc
1384 2346 1534 2390 relicto
1558 2348 1780 2390 Demetrio
1801 2348 1989 2392 Alexan-

260 2412 385 2455 drino
416 2414 473 2457 ib.
494 2416 567 2464 20,
592 2417 629 2464 7,
651 2416 692 2456 3.

174 2493 257 2535 208
287 2499 523 2535 MARIANA
551 2500 848 2535 VALERIANA
879 2494 1120 2537 clarissima
1148 2494 1331 2537 femina:
1364 2510 1515 2538 servus
1544 2497 1635 2538 eius
1666 2496 1746 2538 IX
1767 2499 1885 2548 6083,
1910 2501 1990 2540 130

260 2561 541 2617 (siynaeulum
568 2562 753 2605 Aeclam‘
779 2563 1020 2618 servatum).

174 2640 257 2684 209
286 2641 522 2696 Marianus,
555 2641 915 2698 Lupercaliorum
945 2649 1071 2699 poeta
1102 2643 1352 2699 Philaryyr.
1375 2644 1434 2687 ad
1464 2644 1582 2699 Very.
1613 2645 1685 2689 ecl.
1717 2648 1756 2696 1,
1788 2648 1847 2688 20
1875 2645 1989 2700 (inde

260 2708 481 2752 Baehrens
503 2713 618 2764 poet.
648 2711 747 2753 Lat.
776 2712 933 2766 fraym.
956 2727 1004 2766 p.
1027 2711 1140 2767 384).

187 2802 245 2807 —
287 2784 340 2821 M.
373 2784 636 2821 GAECILIVS
667 2785 886 2822 RVFINVS
920 2787 1194 2824 MARIANVS.

186 2870 244 2875 —-
290 2846 337 2889 P.
368 2847 615 2889 Postumius
646 2847 882 2890 Marianus.

187 2939 244 2944 —
290 2947 299 2956 .
319 2947 329 2957 .
362 2914 664 2972 [S]ept(imius)
695 2916 965 2972 Maria[nus].

186 3007 244 3012 —
286 2983 336 3025 P.
367 2982 526 3026 Vibius
561 2983 796 3028 Marianus.

173 3063 258 3105 210
288 3061 527 3117 Mariccus,
568 3063 740 3119 Gallus,
782 3079 805 3106 e
844 3063 970 3121 plebe
1006 3065 1237 3120 Boiorum,
1278 3081 1316 3108 a.
1347 3066 1402 3108 69
1433 3066 1585 3109 turbas
1625 3066 1741 3122 apud
1778 3066 1984 3109 Haeduos

260 3131 479 3185 excitavit,
511 3145 614 3173 mox
640 3139 791 3188 captus
822 3140 866 3176 et
894 3133 1147 3176 interfectus
1181 3134 1281 3177 Tac.
1302 3134 1344 3177 h.
1366 3138 1410 3185 2,
1433 3138 1498 3179 61.

173 3211 254 3253 211
289 3210 338 3252 Ρ.
370 3210 581 3267 Maridius
610 3211 879 3255 Maridianus
910 3214 1109 3268 egregius
1149 3215 1240 3266 vir,
1281 3221 1535 3271 procurator
1565 3214 1791 3257 Sardiniae
1831 3229 1868 3256 a.
1900 3215 1984 3257 257

257 3277 473 3321 miliarias
492 3278 671 3330 Sardus,
702 3280 813 3334 Ffflh.
835 3295 895 3335 ep.
917 3283 957 3332 8,
981 3284 1060 3323 770
1083 3281 1211 3336 (idem
1230 3283 1413 3336 fortasse
1433 3296 1582 3324 nomen
1603 3285 1695 3324 erat
1721 3283 1766 3324 in
1795 3282 1983 3324 miliario

258 3346 306 3388 X
324 3348 452 3397 8028,
483 3348 559 3390 ubi
578 3350 717 3390 tamen
737 3349 810 3402 qui
837 3348 951 3391 solus
975 3349 1196 3404 descripsit
1213 3350 1383 3405 Anyius
1405 3350 1572 3394 Sardus
1593 3350 1724 3392 edidit
1744 3350 1980 3405 Ianuario).
