2190 3724
140 283 339 319 EPIDIVS
1030 274 1084 317 37
1680 281 1956 316 EPPVLEIVS

225 414 332 457 visse
371 427 462 456 eum
500 415 707 455 testantur
737 411 864 454 etiam
886 410 1056 453 Fronto
1087 411 1146 454 ad
1185 411 1337 454 Verum
1367 415 1419 467 1,
1433 415 1458 454 1
1480 426 1528 465 p.
1560 414 1639 454 115
1672 410 1755 462 N.;
1791 410 1958 454 Gellius

225 486 268 533 2,
290 484 356 533 18,
378 485 432 524 10
455 501 511 516 =
534 480 732 523 Macrob.
753 483 833 522 sat.
856 483 893 530 1,
916 483 981 530 11,
1001 483 1078 531 45,·
1096 479 1228 522 Antli.
1247 479 1344 522 Pal.
1365 484 1401 531 7,
1424 482 1534 536 676).
1580 479 1773 522 Claudus
1793 479 1957 522 Fronto

227 551 254 593 l.
286 564 344 602 c.,·
373 549 507 592 Antii.
537 548 564 591 l.
596 562 656 600 c.;
685 547 858 591 Suiclas.
924 547 1016 591 Sub
1046 549 1296 590 Domitiano
1327 547 1572 605 Nicopolim
1603 547 1766 590 secedit
1793 547 1958 591 Gellius

223 622 289 670 15,
312 622 377 669 11,
398 622 438 660 4.
457 620 508 668 5;
539 617 700 660 Suidas
728 630 763 660 s.
783 630 846 668 v.,·
876 617 931 670 of.
959 616 1057 659 diss.
1079 617 1222 671 Epict.
1244 621 1282 668 1,
1305 621 1371 660 19.
1393 620 1474 668 25;
1504 620 1546 666 2,
1570 620 1608 667 6,
1631 620 1688 660 21
1710 620 1784 658 cet.
1845 616 1957 658 Eum

224 688 269 730 in
287 701 456 730 summa
475 685 767 729 familiaritate
792 684 944 727 habuit
966 685 1215 728 Hadrianus
1235 686 1306 727 vit.
1329 685 1469 727 Haclr.
1490 688 1555 735 16,
1577 688 1643 727 10.
1675 685 1800 727 Vixit
1820 699 1957 740 usque

222 755 278 798 ad
329 755 528 798 Marcum
578 754 845 797 Antoninum
896 753 1068 796 Suiclas.
1147 754 1279 796 Dicta
1326 755 1418 796 eius
1467 752 1764 795 memorabilia
1821 752 1957 794 edidit

221 823 401 867 Flavius
423 823 636 866 Arrianus
667 823 722 877 cf.
752 822 917 866 Gellius
937 825 975 872 1,
997 826 1041 873 2,
1063 825 1090 865 6
1100 836 1113 874 ;
1143 826 1208 874 17,
1231 826 1297 873 19,
1320 826 1370 874 1;
1399 826 1465 872 19,
1488 826 1526 873 1,
1550 826 1626 873 14,·
1657 822 1722 864 M.
1745 821 1952 863 Antonin.

221 896 260 943 1,
285 896 313 935 7
319 906 332 944 ;
360 896 400 944 4,
421 895 500 943 41,·
532 895 598 942 11,
625 895 680 934 34
698 905 796 946 seq„
828 905 1005 945 quorum
1035 895 1180 934 eoetant
1206 891 1311 934 libri
1329 892 1363 933 Ι
1368 891 1424 943 V‚·
1461 892 1517 934 ab
1550 891 1690 934 eodem
1719 891 1846 933 etiam
1886 904 1955 932 en-

223 961 433 1004 chiridion
470 960 662 1015 Epicteti
699 960 810 1014 quod
847 962 963 1003 extat
1000 960 1157 1003 editum
1197 973 1283 1003 esse
1324 960 1387 1002 ait
1427 960 1675 1015 Simplicius
1706 958 1866 1011 (comm.
1899 959 1958 1002 acl

222 1029 392 1080 enchir„
417 1029 596 1086 praefi).

137 1099 191 1142 55
223 1106 267 1140 L.
289 1104 490 1140 EPIDIVS
512 1103 675 1139 TITIVS
696 1103 967 1148 AQVILINVS
990 1097 1132 1152 (plene
1151 1111 1302 1140 nomen
1322 1097 1486 1140 emliibct
1516 1100 1544 1139 t.
1573 1097 1783 1140 Cretensis
1806 1096 1875 1140 CI
1875 1096 1953 1140 Gr.

228 1170 346 1211 2562
373 1180 410 1208 v.
433 1170 487 1209 19
517 1166 573 1220 cf.
599 1166 864 1220 Mnemosyn.
896 1166 975 1208 rol.
1006 1170 1038 1209 2
1067 1180 1115 1220 p.
1146 1169 1223 1216 38,
1264 1166 1349 1208 Tit.
1381 1166 1528 1222 Aquil.
1565 1166 1705 1221 teyula
1738 1165 1837 1208 XV
1860 1169 1954 1217 504,

224 1236 474 1291 plerumque
502 1233 736 1291 Aquilinus
766 1237 955 1286 tantum,
985 1234 1222 1288 Quintillus
1243 1234 1443 1289 Prosper,
1474 1238 1632 1290 errore)
1664 1234 1813 1276 consul
1844 1234 1956 1276 ordi·

220 1305 368 1346 narius
402 1319 440 1349 a.
464 1303 545 1346 125
577 1317 673 1345 cum
704 1303 755 1346 L.
786 1302 963 1345 Valerio
994 1302 1187 1345 Asiatico
1217 1303 1262 1345 II
1291 1303 1411 1357 fasti.

134 1374 191 1416 56
220 1373 446 1429 Epigonus
467 1371 703 1428 Chrysippi
721 1370 804 1416 fil.:
826 1372 865 1413 ei
886 1371 1055 1414 Plinius
1076 1371 1297 1414 civitatem
1318 1372 1521 1427 impetrat
1532 1370 1651 1414 Plin.
1674 1371 1732 1413 ad
1751 1371 1868 1414 Trai.
1885 1375 1951 1414 11.

135 1441 190 1484 57
221 1440 471 1497 Epiphanes
502 1439 771 1497 (Epiphanes
790 1439 1030 1482 Antiochus
1051 1440 1256 1495 Iosephus
1276 1440 1368 1482 bell.
1390 1443 1429 1491 5,
1451 1443 1516 1490 11,
1536 1442 1594 1497 3),
1624 1439 1829 1482 Antiochi
1851 1441 1952 1495 (IV)

221 1510 335 1564 regis
357 1509 675 1564 Commagenae
704 1508 819 1551 filius
851 1508 948 1563 (rex
974 1509 1157 1563 Tacitus,
1192 1509 1375 1567 βασιλεύς
1405 1508 1554 1550 titulus
1572 1508 1657 1563 filii
1676 1509 1765 1550 III
1775 1511 1872 1559 552,
1895 1511 1950 1564 4).

220 1578 436 1633 Imagines
464 1578 554 1620 eius
583 1580 622 1620 et
648 1578 802 1631 fratris
829 1576 1050 1628 Callinici,
1081 1578 1233 1631 quibus
1262 1577 1522 1631 adscriptum
1553 1577 1747 1635 βασιλέως
1777 1578 1872 1628 υἱοί,
1908 1578 1953 1619 in

218 1646 400 1689 nummis
412 1646 571 1701 patris,
593 1660 662 1700 ap.
683 1645 844 1688 Eckliel
862 1649 890 1688 3
907 1660 956 1700 p.
978 1648 1075 1696 258,
1100 1646 1298 1688 Mionnet
1315 1648 1343 1688 5
1370 1660 1411 1699 p.
1430 1649 1526 1688 132.
1549 1648 1641 1696 133,
1663 1645 1710 1688 S.
1732 1648 1761 1687 8
1781 1661 1831 1704 p.
1852 1649 1950 1688 102.

216 1715 355 1759 Civem
375 1715 617 1758 Romanum
636 1715 768 1768 fuisse
788 1717 828 1757 et
849 1714 896 1757 C.
914 1714 1076 1756 Iulium
1097 1714 1254 1757 (lictum
1264 1714 1493 1769 probabile
1513 1717 1574 1756 est
1585 1717 1765 1768 propter
1785 1714 1953 1756 titulum

219 1784 304 1839 filii
332 1784 421 1826 III
440 1786 539 1834 552,
570 1786 610 1825 1.
669 1783 723 1825 Ei
764 1782 1024 1839 desponsata
1059 1782 1257 1825 Drusilla
1284 1782 1509 1840 Agrippae
1538 1782 1799 1825 Iudaeorum
1838 1783 1952 1838 regis

219 1852 328 1907 filia,
370 1851 447 1894 sed
486 1858 637 1909 postea
665 1858 810 1908 spreta
835 1851 1038 1906 Iosephus
1068 1855 1155 1894 ant.
1176 1854 1243 1902 19,
1265 1855 1305 1902 9,
1329 1855 1381 1902 1,·
1407 1855 1478 1901 20,
1503 1854 1540 1902 7,
1564 1855 1603 1893 1.
1663 1850 1716 1896 Α.
1749 1852 1803 1895 69
1835 1851 1953 1908 apud

219 1921 479 1964 Bedriacum
495 1935 573 1971 pro
590 1919 764 1963 Othone
785 1921 968 1976 impigre
985 1934 1174 1976 pugnam
1197 1921 1314 1962 ciens
1334 1919 1589 1962 vulneratur
1605 1920 1702 1962 Tac.
1713 1920 1810 1963 hist.
1825 1924 1868 1971 2,
1880 1923 1950 1964 25.

215 1989 269 2032 A.
302 1990 357 2032 70
402 1990 447 2031 in
493 1990 686 2031 exercitu
726 1988 816 2031 Titi
859 1989 1022 2031 fmstra
1065 2003 1235 2031 murum
1283 1988 1687 2045 Hierosolymorum
1731 1995 1954 2046 oppugnat

181 2060 191 2062 ’
219 2058 306 2101 Ios.
329 2058 422 2101 bell.
442 2060 482 2108 5,
503 2061 569 2109 11,
588 2061 627 2100 3.
667 2057 722 2100 A.
745 2057 799 2100 72
820 2072 908 2100 una
927 2073 1036 2099 cum
1066 2063 1189 2114 patre
1219 2070 1353 2112 regno
1375 2058 1574 2114 privatur
1592 2058 1650 2100 ib.
1674 2061 1710 2108 7,
1730 2061 1767 2108 7,
1785 2061 1953 2100 1-3,-

219 2128 350 2169 Pater
381 2125 640 2183 Philopappi
672 2125 764 2183 (qui
795 2133 838 2168 et
859 2126 907 2169 O.
930 2126 1067 2168 Iulius
1088 2125 1331 2168 Antiochus
1351 2126 1602 2182 Epiphanes
1622 2125 1950 2183 Philopappus).

133 2221 191 2225 --
222 2202 263 2237 C.
294 2201 460 2237 IVLIVS
491 2201 775 2237 ANTIOCHVS
807 2201 1088 2237 EPIPHANES
1120 2201 1471 2237 PHILOPAPPVS.

133 2264 188 2306 58
218 2263 551 2320 Epitynchanus
580 2263 783 2317 Diotimi,
816 2263 1031 2306 Hadriani
1061 2264 1209 2317 amici,
1241 2264 1426 2317 amicus,
1458 2263 1607 2305 Marco
1638 2263 1816 2307 Aurelio
1848 2264 1953 2307 adu-

218 2331 397 2374 lescenti
425 2339 473 2374 ut
502 2331 675 2374 videtur
702 2339 830 2374 notus
854 2332 997 2374 Marc.
1019 2331 1177 2374 Anton.
1198 2334 1239 2381 8,
1260 2334 1330 2375 25.

134 2400 189 2443 59
220 2400 271 2443 Τ.
301 2401 468 2458 Eppius
498 2401 692 2455 Latinus,
725 2401 776 2443 T.
798 2400 841 2455 f.,
873 2400 991 2443 tribu
1013 2400 1210 2455 Quirina,
1242 2406 1498 2456 procurator
1527 2401 1627 2456 imp.
1651 2401 1866 2444 Hadriani
1896 2402 1952 2444 ad

220 2468 393 2526 c[ensus
422 2467 754 2525 a]ec[ipiendos]
775 2502 786 2511 .
810 2501 820 2511 .
843 2502 852 2511 .
875 2501 898 2523 .,
930 2474 1187 2525 procurator
1217 2475 1421 2525 quattuor
1451 2467 1724 2524 publicorum
1753 2469 1952 2524 Africae3

220 2537 377 2580 duovir
402 2537 603 2580 Latobici
619 2538 678 2579 in
708 2537 934 2579 Pannonia
952 2537 1042 2579 III
1052 2539 1179 2580 3925.

134 2607 190 2648 60
219 2613 367 2648 EPPIA
407 2605 462 2659 (v.
494 2606 520 2647 l.
551 2606 701 2662 Ippi33
741 2606 797 2660 cf.
830 2605 1015 2662 Oppia),
1057 2606 1268 2648 senatoris
1308 2620 1441 2659 uxor,
1484 2620 1595 2662 quac
1634 2605 1786 2648 relicta
1825 2607 1951 2649 domo

218 2673 502 2729 gladiatorem
541 2674 789 2716 adamatum
830 2681 978 2716 secuta
1017 2680 1082 2716 est
1120 2673 1433 2717 Alexandriam
1462 2674 1682 2717 Iuvenalis
1703 2678 1741 2725 6,
1763 2678 1823 2719 82
1855 2689 1950 2729 seq„

218 2746 300 2785 104
317 2756 415 2797 seq„
445 2746 538 2785 114.

134 2811 188 2854 ol
220 2812 453 2867 Epponina
492 2809 570 2863 (sic
606 2811 800 2862 Tacitus,·
843 2811 1042 2868 Empona
1072 2811 1359 2861 Plutarchus,
1403 2811 1562 2854 adolens
1599 2812 1841 2866 siqnificari
1877 2811 1953 2854 hoc

220 2879 421 2922 vocabulo
450 2881 627 2937 ἡρωίδας
655 2880 882 2923 Πεπονίλλα
902 2879 1009 2936 Dio)
1039 2894 1151 2922 uxor
1180 2879 1278 2921 Iulii
1302 2879 1454 2923 Sabini
1481 2879 1705 2934 Lingonis,
1738 2895 1825 2923 una
1854 2895 1951 2922 cum

220 2949 374 2990 marito
405 2962 483 3005 per
510 2962 667 2990 novem
697 2963 833 2991 annos
868 2948 950 2991 sub
982 2955 1098 2991 terra
1129 2948 1365 3001 delitescit,
1406 2948 1513 2990 duos
1542 2947 1652 2990 filios
1681 2963 1730 2990 eo
1762 2955 1954 3005 tempore

219 3018 360 3071 enixa,
384 3031 422 3060 a.
447 3016 501 3059 79
521 3016 779 3059 interficitur
799 3031 886 3059 una
906 3031 1005 3059 cum
1026 3019 1180 3060 marito
1207 3017 1329 3059 Plut.
1351 3017 1538 3074 ἐρωτικός
1567 3031 1601 3059 c.
1622 3020 1680 3060 25
1701 3031 1749 3071 p.
1773 3020 1855 3059 770
1869 3016 1953 3067 1).;

220 3083 311 3126 Dio
329 3087 395 3135 66,
417 3088 494 3136 16,·
522 3085 578 3139 cf.
606 3085 706 3128 Tac.
726 3085 823 3128 hist.
843 3089 884 3136 4,
906 3089 972 3128 67.

136 3153 191 3195 62
221 3158 274 3194 M.
294 3158 571 3203 EPPVLEIVS
593 3160 849 3197 PROCVLVS
872 3160 935 3196 TI.
958 3159 1139 3196 CAEPIO
1159 3159 1318 3196 HISPO.
1355 3154 1510 3196 Tituli:
1539 3154 1770 3196 Ravennas
1789 3153 1869 3196 XI
1882 3156 1946 3203 14,

220 3220 402 3273 fortasse
429 3221 475 3263 in
508 3222 591 3276 fine
620 3222 793 3264 mutilus
823 3219 907 3278 (1);
938 3222 1274 3265 Mediolanensis
1302 3222 1367 3265 vel
1396 3225 1504 3265 certe
1536 3221 1781 3264 Mediolani
1809 3221 1952 3263 adser-

218 3290 362 3338 vatus,
394 3289 563 3343 positus
598 3304 626 3332 a
665 3290 912 3341 Patavinis,
950 3290 1197 3345 acephalus,
1228 3292 1417 3345 prcmter‘
1435 3304 1613 3333 munera
1642 3290 1778 3344 plane
1809 3288 1953 3331 eadem

225 3370 253 3398 a
292 3370 357 3398 mc
395 3356 475 3400 huc
511 3357 691 3408 relatu3‚
737 3358 905 3402 V5813
936 3357 1014 3415 (2).
1071 3358 1236 3401 Nomen
1274 3359 1458 3401 servavit
1497 3361 1526 3401 t.
1561 3361 1600 3400 1.
1660 3358 1710 3400 L.
1742 3358 1792 3412 f.‚
1836 3356 1953 3400 tribu
