<?xml version="1.0" encoding="UTF-8"?>
<!DOCTYPE html PUBLIC "-//W3C//DTD XHTML 1.0 Transitional//EN"
    "http://www.w3.org/TR/xhtml1/DTD/xhtml1-transitional.dtd">
<html xmlns="http://www.w3.org/1999/xhtml" xml:lang="en" lang="en">
 <head>
  <title>
</title>
<meta http-equiv="Content-Type" content="text/html;charset=utf-8" />
  <meta name='ocr-system' content='tesseract 3.04.00' />
  <meta name='ocr-capabilities' content='ocr_page ocr_carea ocr_par ocr_line ocrx_word'/>
</head>
<body>
  <div class='ocr_page' id='page_1' title='image "./prosopographiaim02akaduoft_0378.png"; bbox 0 0 2202 3724; ppageno 0'>
   <div class='ocr_carea' id='block_1_1' title="bbox 273 298 2069 344">
    <p class='ocr_par' dir='ltr' id='par_1_1' title="bbox 273 298 2069 344">
     <span class='ocr_line' id='line_1_1' title="bbox 273 298 2069 344; baseline -0.002 -1"><span class='ocrx_word' id='word_1_1' title='bbox 273 306 480 344; x_wconf 80' lang='lat' dir='ltr'>MENSOR</span> <span class='ocrx_word' id='word_1_2' title='bbox 1128 298 1211 341; x_wconf 83' lang='lat'><em>366</em></span> <span class='ocrx_word' id='word_1_3' title='bbox 1803 304 2069 340; x_wconf 85' lang='lat' dir='ltr'><em>MESSALLA</em></span> 
     </span>
    </p>
   </div>
   <div class='ocr_carea' id='block_1_2' title="bbox 296 372 443 376">
    <p class='ocr_par' dir='ltr' id='par_1_2' title="bbox 296 372 443 376">
     <span class='ocr_line' id='line_1_2' title="bbox 296 372 443 376; baseline 0 0"><span class='ocrx_word' id='word_1_4' title='bbox 296 372 443 376; x_wconf 95' lang='lat' dir='ltr'><em> </em></span> 
     </span>
    </p>
   </div>
   <div class='ocr_carea' id='block_1_3' title="bbox 1904 369 2071 373">
    <p class='ocr_par' dir='ltr' id='par_1_3' title="bbox 1904 369 2071 373">
     <span class='ocr_line' id='line_1_3' title="bbox 1904 369 2071 373; baseline 0 0"><span class='ocrx_word' id='word_1_5' title='bbox 1904 369 2071 373; x_wconf 95' lang='lat' dir='ltr'><em> </em></span> 
     </span>
    </p>
   </div>
   <div class='ocr_carea' id='block_1_4' title="bbox 274 432 2082 2804">
    <p class='ocr_par' dir='ltr' id='par_1_4' title="bbox 275 432 2074 761">
     <span class='ocr_line' id='line_1_4' title="bbox 275 432 2070 490; baseline -0.002 -10"><span class='ocrx_word' id='word_1_6' title='bbox 275 438 357 481; x_wconf 84' lang='lat'><em>356</em></span> <span class='ocrx_word' id='word_1_7' title='bbox 387 437 584 478; x_wconf 87' lang='lat' dir='ltr'><em>Mensor:</em></span> <span class='ocrx_word' id='word_1_8' title='bbox 613 435 891 490; x_wconf 86' lang='lat' dir='ltr'><em>imperatores</em></span> <span class='ocrx_word' id='word_1_9' title='bbox 921 433 1094 475; x_wconf 86' lang='lat' dir='ltr'><em>Marcus</em></span> <span class='ocrx_word' id='word_1_10' title='bbox 1127 439 1168 474; x_wconf 91' lang='lat' dir='ltr'><em>et</em></span> <span class='ocrx_word' id='word_1_11' title='bbox 1195 433 1359 475; x_wconf 90' lang='lat' dir='ltr'><em>Lucius</em></span> <span class='ocrx_word' id='word_1_12' title='bbox 1389 432 1568 475; x_wconf 87' lang='lat' dir='ltr'><em>Flaviae</em></span> <span class='ocrx_word' id='word_1_13' title='bbox 1597 433 1815 476; x_wconf 83' lang='lat' dir='ltr'>Tertullae</span> <span class='ocrx_word' id='word_1_14' title='bbox 1841 449 1927 490; x_wconf 88' lang='lat' dir='ltr'><em>per</em></span> <span class='ocrx_word' id='word_1_15' title='bbox 1952 434 2070 476; x_wconf 90' lang='lat' dir='ltr'><em>Men-</em></span> 
     </span>
     <span class='ocr_line' id='line_1_5' title="bbox 359 501 2071 557; baseline -0.002 -10"><span class='ocrx_word' id='word_1_16' title='bbox 359 519 498 547; x_wconf 90' lang='lat' dir='ltr'><em>sorem</em></span> <span class='ocrx_word' id='word_1_17' title='bbox 537 502 739 544; x_wconf 87' lang='lat' dir='ltr'><em>libertum</em></span> <span class='ocrx_word' id='word_1_18' title='bbox 779 502 1092 557; x_wconf 79' lang='lat' dir='ltr'><strong>rescripserunt</strong></span> <span class='ocrx_word' id='word_1_19' title='bbox 1121 501 1223 556; x_wconf 72' lang='lat' dir='ltr'><em>Diq.</em></span> <span class='ocrx_word' id='word_1_20' title='bbox 1253 504 1324 551; x_wconf 90' lang='grc'><em>23,</em></span> <span class='ocrx_word' id='word_1_21' title='bbox 1355 505 1398 552; x_wconf 90' lang='grc'><em>2,</em></span> <span class='ocrx_word' id='word_1_22' title='bbox 1427 504 1481 545; x_wconf 82' lang='lat'><em>57</em></span> <span class='ocrx_word' id='word_1_23' title='bbox 1487 509 1516 544; x_wconf 64' lang='grc' dir='ltr'><em>α.</em></span> <span class='ocrx_word' id='word_1_24' title='bbox 1573 501 1726 545; x_wconf 78' lang='lat' dir='ltr'><strong><em>Fuisse</em></strong></span> <span class='ocrx_word' id='word_1_25' title='bbox 1766 516 1858 545; x_wconf 91' lang='lat' dir='ltr'><em>eum</em></span> <span class='ocrx_word' id='word_1_26' title='bbox 1891 503 2071 556; x_wconf 67' lang='lat' dir='ltr'><em>impera-</em></span> 
     </span>
     <span class='ocr_line' id='line_1_6' title="bbox 359 569 2070 625; baseline -0.001 -11"><span class='ocrx_word' id='word_1_27' title='bbox 359 573 519 614; x_wconf 75' lang='lat' dir='ltr'><em>toribus</em></span> <span class='ocrx_word' id='word_1_28' title='bbox 550 571 602 612; x_wconf 93' lang='lat' dir='ltr'><em>ab</em></span> <span class='ocrx_word' id='word_1_29' title='bbox 635 570 824 624; x_wconf 72' lang='lat' dir='ltr'><em>epistulis</em></span> <span class='ocrx_word' id='word_1_30' title='bbox 854 571 1115 613; x_wconf 73' lang='lat' dir='ltr'><em>coniecerunt</em></span> <span class='ocrx_word' id='word_1_31' title='bbox 1147 570 1341 612; x_wconf 73' lang='lat' dir='ltr'><em>nonnulli</em></span> <span class='ocrx_word' id='word_1_32' title='bbox 1379 569 1450 624; x_wconf 77' lang='lat' dir='ltr'><em>(cf.</em></span> <span class='ocrx_word' id='word_1_33' title='bbox 1481 570 1768 613; x_wconf 78' lang='lat' dir='ltr'><em>Friedlanoler</em></span> <span class='ocrx_word' id='word_1_34' title='bbox 1798 570 2070 625; x_wconf 77' lang='lat' dir='ltr'><em>Sittenqescli.</em></span> 
     </span>
     <span class='ocr_line' id='line_1_7' title="bbox 359 637 2074 693; baseline -0.001 -11"><span class='ocrx_word' id='word_1_35' title='bbox 359 641 393 682; x_wconf 93' lang='lat' dir='ltr'><strong><em>I</em></strong></span> <span class='ocrx_word' id='word_1_36' title='bbox 394 641 410 664; x_wconf 76' lang='lat'><strong>⁶</strong></span> <span class='ocrx_word' id='word_1_37' title='bbox 435 654 479 693; x_wconf 88' lang='grc' dir='ltr'><em>Ρ.</em></span> <span class='ocrx_word' id='word_1_38' title='bbox 503 641 587 680; x_wconf 85' lang='grc'><em>187</em></span> <span class='ocrx_word' id='word_1_39' title='bbox 614 641 699 679; x_wconf 77' lang='lat' dir='ltr'><em>not.</em></span> <span class='ocrx_word' id='word_1_40' title='bbox 721 637 776 691; x_wconf 82' lang='lat'><em>1).</em></span> <span class='ocrx_word' id='word_1_41' title='bbox 817 638 904 680; x_wconf 87' lang='lat' dir='ltr'><em>Res</em></span> <span class='ocrx_word' id='word_1_42' title='bbox 932 638 1102 681; x_wconf 81' lang='lat' dir='ltr'><em>minime</em></span> <span class='ocrx_word' id='word_1_43' title='bbox 1132 641 1270 690; x_wconf 80' lang='lat' dir='ltr'><em>certa;</em></span> <span class='ocrx_word' id='word_1_44' title='bbox 1298 652 1349 680; x_wconf 92' lang='lat' dir='ltr'><em>ne</em></span> <span class='ocrx_word' id='word_1_45' title='bbox 1380 638 1426 680; x_wconf 85' lang='lat' dir='ltr'><em>id</em></span> <span class='ocrx_word' id='word_1_46' title='bbox 1452 638 1617 692; x_wconf 74' lang='lat' dir='ltr'><em>quidem</em></span> <span class='ocrx_word' id='word_1_47' title='bbox 1646 642 1807 681; x_wconf 77' lang='lat' dir='ltr'><em>constat</em></span> <span class='ocrx_word' id='word_1_48' title='bbox 1834 638 2074 682; x_wconf 86' lang='lat' dir='ltr'><em>Mensorem</em></span> 
     </span>
     <span class='ocr_line' id='line_1_8' title="bbox 361 705 1248 761; baseline 0 -13"><span class='ocrx_word' id='word_1_49' title='bbox 361 707 586 761; x_wconf 71' lang='lat' dir='ltr'><em>proprium</em></span> <span class='ocrx_word' id='word_1_50' title='bbox 615 719 763 747; x_wconf 90' lang='lat' dir='ltr'><em>nomen</em></span> <span class='ocrx_word' id='word_1_51' title='bbox 794 705 935 751; x_wconf 70' lang='lat' dir='ltr'><em>liberti</em></span> <span class='ocrx_word' id='word_1_52' title='bbox 963 705 1078 748; x_wconf 87' lang='lat' dir='ltr'><em>illius</em></span> <span class='ocrx_word' id='word_1_53' title='bbox 1107 707 1248 759; x_wconf 80' lang='lat' dir='ltr'><em>fuisse.</em></span> 
     </span>
    </p>

    <p class='ocr_par' dir='ltr' id='par_1_5' title="bbox 275 759 2075 897">
     <span class='ocr_line' id='line_1_9' title="bbox 275 759 2075 828; baseline -0.001 -10"><span class='ocrx_word' id='word_1_54' title='bbox 275 776 356 818; x_wconf 86' lang='lat'><em>357</em></span> <span class='ocrx_word' id='word_1_55' title='bbox 389 774 558 828; x_wconf 83' lang='lat' dir='ltr'><em>Mento,</em></span> <span class='ocrx_word' id='word_1_56' title='bbox 606 773 771 828; x_wconf 83' lang='lat' dir='ltr'><strong>rhetor,</strong></span> <span class='ocrx_word' id='word_1_57' title='bbox 815 773 989 815; x_wconf 88' lang='lat' dir='ltr'><em>auditus</em></span> <span class='ocrx_word' id='word_1_58' title='bbox 1029 759 1054 815; x_wconf 70' lang='lat' dir='ltr'><em>a</em></span> <span class='ocrx_word' id='word_1_59' title='bbox 1086 773 1250 816; x_wconf 81' lang='lat' dir='ltr'><strong>Seneca</strong></span> <span class='ocrx_word' id='word_1_60' title='bbox 1280 774 1440 818; x_wconf 79' lang='lat' dir='ltr'><em>Seneca</em></span> <span class='ocrx_word' id='word_1_61' title='bbox 1469 778 1599 817; x_wconf 81' lang='lat' dir='ltr'><em>contr.</em></span> <span class='ocrx_word' id='word_1_62' title='bbox 1630 778 1668 825; x_wconf 89' lang='lat'><em>9,</em></span> <span class='ocrx_word' id='word_1_63' title='bbox 1700 779 1738 826; x_wconf 93' lang='lat'><em>4,</em></span> <span class='ocrx_word' id='word_1_64' title='bbox 1770 778 1845 818; x_wconf 89' lang='grc'><em>22.</em></span> <span class='ocrx_word' id='word_1_65' title='bbox 1904 774 2075 817; x_wconf 88' lang='lat' dir='ltr'><em>Passim</em></span> 
     </span>
     <span class='ocr_line' id='line_1_10' title="bbox 359 841 1491 897; baseline 0.002 -13"><span class='ocrx_word' id='word_1_66' title='bbox 359 842 560 884; x_wconf 76' lang='lat' dir='ltr'><em>laudatur</em></span> <span class='ocrx_word' id='word_1_67' title='bbox 591 856 617 883; x_wconf 94' lang='lat' dir='ltr'><em>a</em></span> <span class='ocrx_word' id='word_1_68' title='bbox 649 841 821 891; x_wconf 77' lang='lat' dir='ltr'><em>Seneca,</em></span> <span class='ocrx_word' id='word_1_69' title='bbox 854 842 907 895; x_wconf 77' lang='lat' dir='ltr'><em>cf.</em></span> <span class='ocrx_word' id='word_1_70' title='bbox 938 841 1024 884; x_wconf 84' lang='lat' dir='ltr'><em>incl.</em></span> <span class='ocrx_word' id='word_1_71' title='bbox 1058 842 1311 896; x_wconf 72' lang='lat' dir='ltr'><em>Kiesslinyii</em></span> <span class='ocrx_word' id='word_1_72' title='bbox 1330 857 1378 897; x_wconf 90' lang='grc' dir='ltr'><em>Ρ.</em></span> <span class='ocrx_word' id='word_1_73' title='bbox 1398 845 1491 886; x_wconf 81' lang='grc'><em>545.</em></span> 
     </span>
    </p>

    <p class='ocr_par' dir='ltr' id='par_1_6' title="bbox 274 908 2074 1090">
     <span class='ocr_line' id='line_1_11' title="bbox 274 908 2074 966; baseline -0.001 -13"><span class='ocrx_word' id='word_1_74' title='bbox 274 912 356 953; x_wconf 84' lang='grc'><em>358</em></span> <span class='ocrx_word' id='word_1_75' title='bbox 388 910 591 952; x_wconf 88' lang='lat' dir='ltr'><em>Aurelius</em></span> <span class='ocrx_word' id='word_1_76' title='bbox 618 909 870 951; x_wconf 88' lang='lat' dir='ltr'><em>Merithates</em></span> <span class='ocrx_word' id='word_1_77' title='bbox 899 908 1015 966; x_wconf 80' lang='grc' dir='ltr'><em>(Αὐρ.</em></span> <span class='ocrx_word' id='word_1_78' title='bbox 1046 909 1241 966; x_wconf 79' lang='grc' dir='ltr'>Μεριθάτι</span> <span class='ocrx_word' id='word_1_79' title='bbox 1272 914 1314 961; x_wconf 72' lang='lat' dir='ltr'><em>t„</em></span> <span class='ocrx_word' id='word_1_80' title='bbox 1349 925 1449 953; x_wconf 90' lang='lat' dir='ltr'><em>casu</em></span> <span class='ocrx_word' id='word_1_81' title='bbox 1477 911 1631 966; x_wconf 78' lang='lat' dir='ltr'><em>tertio),</em></span> <span class='ocrx_word' id='word_1_82' title='bbox 1664 911 1818 953; x_wconf 91' lang='lat' dir='ltr'><em>Pacori</em></span> <span class='ocrx_word' id='word_1_83' title='bbox 1848 910 1962 964; x_wconf 83' lang='lat' dir='ltr'><em>regis</em></span> <span class='ocrx_word' id='word_1_84' title='bbox 1993 909 2074 951; x_wconf 89' lang='lat' dir='ltr'><em>Ar-</em></span> 
     </span>
     <span class='ocr_line' id='line_1_12' title="bbox 359 977 2074 1035; baseline 0.002 -16"><span class='ocrx_word' id='word_1_85' title='bbox 359 979 526 1020; x_wconf 86' lang='lat' dir='ltr'><em>meniae</em></span> <span class='ocrx_word' id='word_1_86' title='bbox 547 978 690 1031; x_wconf 85' lang='lat' dir='ltr'><em>frater,</em></span> <span class='ocrx_word' id='word_1_87' title='bbox 723 977 778 1019; x_wconf 89' lang='lat' dir='ltr'><em>ab</em></span> <span class='ocrx_word' id='word_1_88' title='bbox 807 977 888 1019; x_wconf 91' lang='lat' dir='ltr'><em>hoc</em></span> <span class='ocrx_word' id='word_1_89' title='bbox 909 979 1070 1020; x_wconf 84' lang='lat' dir='ltr'><em>Romae</em></span> <span class='ocrx_word' id='word_1_90' title='bbox 1095 978 1286 1035; x_wconf 87' lang='lat' dir='ltr'><em>sepultus</em></span> <span class='ocrx_word' id='word_1_91' title='bbox 1318 982 1346 1021; x_wconf 78' lang='lat' dir='ltr'><em>t.</em></span> <span class='ocrx_word' id='word_1_92' title='bbox 1373 979 1562 1022; x_wconf 90' lang='lat' dir='ltr'><em>urbanus</em></span> <span class='ocrx_word' id='word_1_93' title='bbox 1590 978 1660 1021; x_wconf 90' lang='lat' dir='ltr'><em>CI</em></span> <span class='ocrx_word' id='word_1_94' title='bbox 1660 978 1713 1021; x_wconf 69' lang='lat' dir='ltr'><em>G.</em></span> <span class='ocrx_word' id='word_1_95' title='bbox 1736 981 1841 1021; x_wconf 90' lang='lat'><em>6559</em></span> <span class='ocrx_word' id='word_1_96' title='bbox 1862 998 1918 1012; x_wconf 71' lang='grc' dir='ltr'>Ξ</span> <span class='ocrx_word' id='word_1_97' title='bbox 1938 978 2074 1022; x_wconf 88' lang='lat' dir='ltr'><em>Inscr.</em></span> 
     </span>
     <span class='ocr_line' id='line_1_13' title="bbox 367 1045 874 1090; baseline 0.002 -1"><span class='ocrx_word' id='word_1_98' title='bbox 367 1046 444 1089; x_wconf 75' lang='lat' dir='ltr'><em>Gr.</em></span> <span class='ocrx_word' id='word_1_99' title='bbox 477 1046 597 1090; x_wconf 83' lang='lat' dir='ltr'><em>Sicil.</em></span> <span class='ocrx_word' id='word_1_100' title='bbox 627 1045 728 1089; x_wconf 76' lang='lat' dir='ltr'><em>Ital.</em></span> <span class='ocrx_word' id='word_1_101' title='bbox 750 1049 874 1090; x_wconf 90' lang='grc'><em>1472.</em></span> 
     </span>
    </p>

    <p class='ocr_par' dir='ltr' id='par_1_7' title="bbox 287 1120 1576 1157">
     <span class='ocr_line' id='line_1_14' title="bbox 287 1120 1576 1157; baseline -0.003 -1"><span class='ocrx_word' id='word_1_102' title='bbox 287 1140 344 1145; x_wconf 89' lang='lat'>—</span> <span class='ocrx_word' id='word_1_103' title='bbox 387 1121 585 1156; x_wconf 87' lang='lat' dir='ltr'>APIDIVS</span> <span class='ocrx_word' id='word_1_104' title='bbox 616 1120 839 1157; x_wconf 78' lang='lat' dir='ltr'><em>MERVLA.</em></span> <span class='ocrx_word' id='word_1_105' title='bbox 1572 1148 1576 1152; x_wconf 92' lang='lat'>.</span> 
     </span>
    </p>

    <p class='ocr_par' dir='ltr' id='par_1_8' title="bbox 275 1174 2077 1295">
     <span class='ocr_line' id='line_1_15' title="bbox 275 1174 2077 1239; baseline -0.001 -13"><span class='ocrx_word' id='word_1_106' title='bbox 275 1183 357 1226; x_wconf 82' lang='lat'><em>359</em></span> <span class='ocrx_word' id='word_1_107' title='bbox 386 1189 431 1225; x_wconf 89' lang='lat' dir='ltr'><em>L.</em></span> <span class='ocrx_word' id='word_1_108' title='bbox 453 1189 553 1225; x_wconf 89' lang='lat' dir='ltr'><em>MES</em></span> <span class='ocrx_word' id='word_1_109' title='bbox 569 1215 692 1225; x_wconf 90' lang='grc'><strong>.....</strong></span> <span class='ocrx_word' id='word_1_110' title='bbox 724 1184 793 1225; x_wconf 89' lang='lat' dir='ltr'><em>vir</em></span> <span class='ocrx_word' id='word_1_111' title='bbox 814 1182 1087 1237; x_wconf 83' lang='lat' dir='ltr'><em>clarissimus,</em></span> <span class='ocrx_word' id='word_1_112' title='bbox 1120 1183 1380 1239; x_wconf 89' lang='lat' dir='ltr'><em>pro[consul]</em></span> <span class='ocrx_word' id='word_1_113' title='bbox 1406 1174 1617 1238; x_wconf 85' lang='lat' dir='ltr'><em>(Africae)</em></span> <span class='ocrx_word' id='word_1_114' title='bbox 1645 1183 1724 1226; x_wconf 91' lang='lat' dir='ltr'><em>sub</em></span> <span class='ocrx_word' id='word_1_115' title='bbox 1746 1182 1956 1232; x_wconf 76' lang='lat' dir='ltr'><em>Gallieno,</em></span> <span class='ocrx_word' id='word_1_116' title='bbox 1979 1189 2077 1239; x_wconf 86' lang='lat' dir='ltr'><em>post</em></span> 
     </span>
     <span class='ocr_line' id='line_1_16' title="bbox 361 1251 800 1295; baseline 0 -2"><span class='ocrx_word' id='word_1_117' title='bbox 361 1267 398 1295; x_wconf 86' lang='lat' dir='ltr'><em>a.</em></span> <span class='ocrx_word' id='word_1_118' title='bbox 421 1252 502 1294; x_wconf 85' lang='lat'><em>257</em></span> <span class='ocrx_word' id='word_1_119' title='bbox 535 1251 657 1293; x_wconf 88' lang='lat' dir='ltr'><strong><em>VIII</em></strong></span> <span class='ocrx_word' id='word_1_120' title='bbox 678 1254 800 1293; x_wconf 90' lang='grc'><em>1018.</em></span> 
     </span>
    </p>

    <p class='ocr_par' dir='ltr' id='par_1_9' title="bbox 275 1319 2081 1646">
     <span class='ocr_line' id='line_1_17' title="bbox 275 1319 2079 1375; baseline -0.002 -12"><span class='ocrx_word' id='word_1_121' title='bbox 275 1322 358 1363; x_wconf 88' lang='grc'><em>360</em></span> <span class='ocrx_word' id='word_1_122' title='bbox 388 1327 431 1362; x_wconf 92' lang='lat' dir='ltr'><em>L.</em></span> <span class='ocrx_word' id='word_1_123' title='bbox 473 1326 741 1362; x_wconf 86' lang='lat' dir='ltr'>MESCINIVS</span> <span class='ocrx_word' id='word_1_124' title='bbox 780 1326 940 1362; x_wconf 86' lang='lat' dir='ltr'><strong>RVFVS</strong></span> <span class='ocrx_word' id='word_1_125' title='bbox 981 1319 1114 1375; x_wconf 69' lang='lat' dir='ltr'><em>(silius</em></span> <span class='ocrx_word' id='word_1_126' title='bbox 1152 1320 1333 1373; x_wconf 78' lang='lat' dir='ltr'><em>fortasse</em></span> <span class='ocrx_word' id='word_1_127' title='bbox 1367 1322 1418 1363; x_wconf 92' lang='lat' dir='ltr'><em>L.</em></span> <span class='ocrx_word' id='word_1_128' title='bbox 1456 1321 1661 1363; x_wconf 88' lang='lat' dir='ltr'><em>Mescinii</em></span> <span class='ocrx_word' id='word_1_129' title='bbox 1699 1320 1804 1375; x_wconf 69' lang='lat' dir='ltr'><em>Rufi</em></span> <span class='ocrx_word' id='word_1_130' title='bbox 1847 1319 2079 1374; x_wconf 79' lang='lat' dir='ltr'><em>quaestoris</em></span> 
     </span>
     <span class='ocr_line' id='line_1_18' title="bbox 362 1386 2078 1441; baseline -0.001 -12"><span class='ocrx_word' id='word_1_131' title='bbox 362 1386 573 1430; x_wconf 73' lang='lat' dir='ltr'><em>Ciceronis</em></span> <span class='ocrx_word' id='word_1_132' title='bbox 603 1388 648 1429; x_wconf 89' lang='lat' dir='ltr'><em>in</em></span> <span class='ocrx_word' id='word_1_133' title='bbox 680 1386 851 1441; x_wconf 84' lang='lat' dir='ltr'><em>Cilicia,</em></span> <span class='ocrx_word' id='word_1_134' title='bbox 893 1386 978 1431; x_wconf 85' lang='lat' dir='ltr'><em>Cic.</em></span> <span class='ocrx_word' id='word_1_135' title='bbox 1010 1401 1070 1441; x_wconf 88' lang='grc' dir='ltr'><em>6Ρ.</em></span> <span class='ocrx_word' id='word_1_136' title='bbox 1103 1387 1160 1429; x_wconf 78' lang='lat' dir='ltr'><em>acl</em></span> <span class='ocrx_word' id='word_1_137' title='bbox 1187 1387 1292 1440; x_wconf 84' lang='lat' dir='ltr'><em>fam.</em></span> <span class='ocrx_word' id='word_1_138' title='bbox 1324 1390 1388 1438; x_wconf 83' lang='lat'><em>13,</em></span> <span class='ocrx_word' id='word_1_139' title='bbox 1419 1391 1477 1430; x_wconf 89' lang='grc'><em>26</em></span> <span class='ocrx_word' id='word_1_140' title='bbox 1507 1388 1561 1441; x_wconf 82' lang='lat' dir='ltr'><em>cf.</em></span> <span class='ocrx_word' id='word_1_141' title='bbox 1593 1389 1631 1437; x_wconf 88' lang='lat'><em>5,</em></span> <span class='ocrx_word' id='word_1_142' title='bbox 1662 1390 1721 1430; x_wconf 89' lang='grc'><em>20</em></span> <span class='ocrx_word' id='word_1_143' title='bbox 1752 1389 1843 1438; x_wconf 77' lang='lat' dir='ltr'><em>cet.)</em></span> <span class='ocrx_word' id='word_1_144' title='bbox 1874 1387 2078 1430; x_wconf 85' lang='lat' dir='ltr'><em>triumvir</em></span> 
     </span>
     <span class='ocr_line' id='line_1_19' title="bbox 360 1454 2079 1510; baseline 0 -13"><span class='ocrx_word' id='word_1_145' title='bbox 360 1455 584 1497; x_wconf 84' lang='lat' dir='ltr'><em>monetalis</em></span> <span class='ocrx_word' id='word_1_146' title='bbox 625 1470 736 1497; x_wconf 89' lang='lat' dir='ltr'><em>anno</em></span> <span class='ocrx_word' id='word_1_147' title='bbox 779 1456 860 1498; x_wconf 82' lang='lat'><em>738</em></span> <span class='ocrx_word' id='word_1_148' title='bbox 902 1455 971 1497; x_wconf 86' lang='lat' dir='ltr'><em>vel</em></span> <span class='ocrx_word' id='word_1_149' title='bbox 1014 1455 1095 1497; x_wconf 86' lang='lat'><em>739</em></span> <span class='ocrx_word' id='word_1_150' title='bbox 1139 1470 1225 1497; x_wconf 90' lang='lat' dir='ltr'><em>una</em></span> <span class='ocrx_word' id='word_1_151' title='bbox 1270 1470 1367 1497; x_wconf 91' lang='lat' dir='ltr'><em>cum</em></span> <span class='ocrx_word' id='word_1_152' title='bbox 1412 1455 1460 1498; x_wconf 81' lang='lat' dir='ltr'><em>G.</em></span> <span class='ocrx_word' id='word_1_153' title='bbox 1501 1454 1690 1497; x_wconf 87' lang='lat' dir='ltr'><em>Antistio</em></span> <span class='ocrx_word' id='word_1_154' title='bbox 1730 1455 1889 1497; x_wconf 88' lang='lat' dir='ltr'><em>Vetere</em></span> <span class='ocrx_word' id='word_1_155' title='bbox 1931 1455 2079 1510; x_wconf 57' lang='lat' dir='ltr'><em>(supra</em></span> 
     </span>
     <span class='ocr_line' id='line_1_20' title="bbox 361 1522 2081 1578; baseline -0.001 -13"><span class='ocrx_word' id='word_1_156' title='bbox 361 1523 404 1565; x_wconf 88' lang='lat' dir='ltr'><strong><em>A</em></strong></span> <span class='ocrx_word' id='word_1_157' title='bbox 425 1523 518 1578; x_wconf 84' lang='grc'><em>607)</em></span> <span class='ocrx_word' id='word_1_158' title='bbox 552 1529 594 1564; x_wconf 89' lang='lat' dir='ltr'><em>et</em></span> <span class='ocrx_word' id='word_1_159' title='bbox 622 1524 673 1565; x_wconf 91' lang='lat' dir='ltr'><em>L.</em></span> <span class='ocrx_word' id='word_1_160' title='bbox 696 1524 866 1566; x_wconf 83' lang='lat' dir='ltr'><em>Vinicio</em></span> <span class='ocrx_word' id='word_1_161' title='bbox 900 1522 971 1577; x_wconf 81' lang='lat' dir='ltr'><em>(cf.</em></span> <span class='ocrx_word' id='word_1_162' title='bbox 993 1524 1228 1565; x_wconf 80' lang='lat' dir='ltr'><em>Mommsen</em></span> <span class='ocrx_word' id='word_1_163' title='bbox 1254 1523 1350 1565; x_wconf 75' lang='lat' dir='ltr'><em>hist.</em></span> <span class='ocrx_word' id='word_1_164' title='bbox 1380 1537 1535 1565; x_wconf 90' lang='lat' dir='ltr'><em>numm.</em></span> <span class='ocrx_word' id='word_1_165' title='bbox 1558 1538 1605 1577; x_wconf 98' lang='grc' dir='ltr'><em>Ρ.</em></span> <span class='ocrx_word' id='word_1_166' title='bbox 1631 1526 1713 1566; x_wconf 78' lang='grc'><em>742</em></span> <span class='ocrx_word' id='word_1_167' title='bbox 1740 1526 1827 1566; x_wconf 76' lang='lat' dir='ltr'><em>not.</em></span> <span class='ocrx_word' id='word_1_168' title='bbox 1848 1523 1890 1578; x_wconf 88' lang='lat'><em>9)</em></span> <span class='ocrx_word' id='word_1_169' title='bbox 1919 1523 2081 1566; x_wconf 89' lang='lat' dir='ltr'><em>nummi</em></span> 
     </span>
     <span class='ocr_line' id='line_1_21' title="bbox 365 1591 1662 1646; baseline 0 -13"><span class='ocrx_word' id='word_1_170' title='bbox 365 1606 433 1646; x_wconf 79' lang='grc' dir='ltr'><em>αΡ.</em></span> <span class='ocrx_word' id='word_1_171' title='bbox 454 1591 647 1633; x_wconf 89' lang='lat' dir='ltr'><em>Babelon</em></span> <span class='ocrx_word' id='word_1_172' title='bbox 676 1592 894 1634; x_wconf 87' lang='lat' dir='ltr'><em>monnaies</em></span> <span class='ocrx_word' id='word_1_173' title='bbox 925 1591 972 1634; x_wconf 83' lang='lat' dir='ltr'><em>de</em></span> <span class='ocrx_word' id='word_1_174' title='bbox 1003 1591 1047 1633; x_wconf 93' lang='lat' dir='ltr'><em>la</em></span> <span class='ocrx_word' id='word_1_175' title='bbox 1077 1594 1165 1645; x_wconf 75' lang='lat' dir='ltr'><em>re&#39;p.</em></span> <span class='ocrx_word' id='word_1_176' title='bbox 1195 1605 1298 1633; x_wconf 90' lang='lat' dir='ltr'><em>rom.</em></span> <span class='ocrx_word' id='word_1_177' title='bbox 1330 1592 1391 1633; x_wconf 95' lang='lat' dir='ltr'><em>II</em></span> <span class='ocrx_word' id='word_1_178' title='bbox 1405 1606 1453 1645; x_wconf 93' lang='grc' dir='ltr'><em>Ρ.</em></span> <span class='ocrx_word' id='word_1_179' title='bbox 1475 1595 1560 1634; x_wconf 90' lang='grc'><em>249</em></span> <span class='ocrx_word' id='word_1_180' title='bbox 1581 1605 1662 1645; x_wconf 78' lang='lat' dir='ltr'><em>seq.</em></span> 
     </span>
    </p>

    <p class='ocr_par' dir='ltr' id='par_1_10' title="bbox 275 1658 2082 2057">
     <span class='ocr_line' id='line_1_22' title="bbox 275 1658 2082 1715; baseline -0.001 -14"><span class='ocrx_word' id='word_1_181' title='bbox 275 1661 353 1702; x_wconf 84' lang='lat'><em>361</em></span> <span class='ocrx_word' id='word_1_182' title='bbox 388 1666 656 1701; x_wconf 86' lang='lat' dir='ltr'>MESOINIVS</span> <span class='ocrx_word' id='word_1_183' title='bbox 692 1666 816 1701; x_wconf 88' lang='lat' dir='ltr'><em>STRA</em></span> <span class='ocrx_word' id='word_1_184' title='bbox 845 1692 854 1701; x_wconf 90' lang='lat'><strong>.</strong></span> <span class='ocrx_word' id='word_1_185' title='bbox 874 1693 882 1701; x_wconf 94' lang='lat'><em>.</em></span> <span class='ocrx_word' id='word_1_186' title='bbox 903 1692 911 1701; x_wconf 94' lang='lat'>.</span> <span class='ocrx_word' id='word_1_187' title='bbox 931 1659 988 1714; x_wconf 67' lang='lat' dir='ltr'><em>(P)</em></span> <span class='ocrx_word' id='word_1_188' title='bbox 1020 1659 1250 1715; x_wconf 89' lang='lat' dir='ltr'><em>proconsul</em></span> <span class='ocrx_word' id='word_1_189' title='bbox 1281 1658 1474 1701; x_wconf 82' lang='lat' dir='ltr'><em>Achaiae</em></span> <span class='ocrx_word' id='word_1_190' title='bbox 1487 1659 1545 1713; x_wconf 83' lang='lat'><em>(‘?)</em></span> <span class='ocrx_word' id='word_1_191' title='bbox 1582 1658 1661 1701; x_wconf 90' lang='lat' dir='ltr'><em>sub</em></span> <span class='ocrx_word' id='word_1_192' title='bbox 1692 1659 1890 1714; x_wconf 88' lang='lat' dir='ltr'><em>Augusto</em></span> <span class='ocrx_word' id='word_1_193' title='bbox 1919 1659 2082 1701; x_wconf 90' lang='lat' dir='ltr'><em>nummi</em></span> 
     </span>
     <span class='ocr_line' id='line_1_23' title="bbox 356 1727 2080 1783; baseline 0 -13"><span class='ocrx_word' id='word_1_194' title='bbox 356 1727 697 1770; x_wconf 80' lang='lat' dir='ltr'><em>Chalcidensium</em></span> <span class='ocrx_word' id='word_1_195' title='bbox 729 1741 821 1770; x_wconf 91' lang='lat' dir='ltr'><em>eum</em></span> <span class='ocrx_word' id='word_1_196' title='bbox 861 1729 998 1782; x_wconf 73' lang='lat' dir='ltr'><em>capite</em></span> <span class='ocrx_word' id='word_1_197' title='bbox 1026 1727 1213 1782; x_wconf 68' lang='lat' dir='ltr'><em>Auyusti</em></span> <span class='ocrx_word' id='word_1_198' title='bbox 1252 1727 1636 1783; x_wconf 78' lang='lat' dir='ltr'><em>(Imhoof-Blumer</em></span> <span class='ocrx_word' id='word_1_199' title='bbox 1670 1741 1780 1770; x_wconf 88' lang='lat' dir='ltr'><em>mon.</em></span> <span class='ocrx_word' id='word_1_200' title='bbox 1818 1741 1883 1781; x_wconf 74' lang='lat' dir='ltr'><em>yr.</em></span> <span class='ocrx_word' id='word_1_201' title='bbox 1916 1741 1964 1781; x_wconf 86' lang='grc' dir='ltr'><em>Ρ.</em></span> <span class='ocrx_word' id='word_1_202' title='bbox 1985 1730 2080 1770; x_wconf 92' lang='grc'><em>222</em></span> 
     </span>
     <span class='ocr_line' id='line_1_24' title="bbox 359 1793 2080 1849; baseline -0.001 -12"><span class='ocrx_word' id='word_1_203' title='bbox 359 1809 400 1837; x_wconf 90' lang='lat' dir='ltr'><em>n.</em></span> <span class='ocrx_word' id='word_1_204' title='bbox 422 1797 488 1837; x_wconf 83' lang='lat'><em>57.</em></span> <span class='ocrx_word' id='word_1_205' title='bbox 519 1797 596 1846; x_wconf 87' lang='grc'><em>58;</em></span> <span class='ocrx_word' id='word_1_206' title='bbox 627 1795 775 1837; x_wconf 81' lang='lat' dir='ltr'><em>Muret</em></span> <span class='ocrx_word' id='word_1_207' title='bbox 803 1809 924 1838; x_wconf 80' lang='lat' dir='ltr'><em>revue</em></span> <span class='ocrx_word' id='word_1_208' title='bbox 952 1809 1065 1837; x_wconf 92' lang='lat' dir='ltr'><em>num.</em></span> <span class='ocrx_word' id='word_1_209' title='bbox 1088 1798 1196 1837; x_wconf 89' lang='grc'><em>1883</em></span> <span class='ocrx_word' id='word_1_210' title='bbox 1218 1810 1264 1849; x_wconf 93' lang='grc' dir='ltr'><em>Ρ.</em></span> <span class='ocrx_word' id='word_1_211' title='bbox 1287 1798 1341 1837; x_wconf 88' lang='grc'><em>66</em></span> <span class='ocrx_word' id='word_1_212' title='bbox 1366 1809 1407 1837; x_wconf 92' lang='lat' dir='ltr'><em>n.</em></span> <span class='ocrx_word' id='word_1_213' title='bbox 1429 1798 1478 1847; x_wconf 90' lang='grc'><em>7,·</em></span> <span class='ocrx_word' id='word_1_214' title='bbox 1506 1793 1781 1837; x_wconf 77' lang='lat' dir='ltr'><em>Boutkowski</em></span> <span class='ocrx_word' id='word_1_215' title='bbox 1800 1794 2080 1837; x_wconf 82' lang='lat' dir='ltr'><em>dictionnaire</em></span> 
     </span>
     <span class='ocr_line' id='line_1_25' title="bbox 358 1861 2077 1919; baseline -0.001 -14"><span class='ocrx_word' id='word_1_216' title='bbox 358 1878 406 1917; x_wconf 89' lang='grc' dir='ltr'><em>Ρ.</em></span> <span class='ocrx_word' id='word_1_217' title='bbox 429 1867 508 1905; x_wconf 92' lang='grc'><em>940</em></span> <span class='ocrx_word' id='word_1_218' title='bbox 535 1877 576 1904; x_wconf 89' lang='lat' dir='ltr'><em>n.</em></span> <span class='ocrx_word' id='word_1_219' title='bbox 599 1866 725 1914; x_wconf 89' lang='grc'><em>1084,·</em></span> <span class='ocrx_word' id='word_1_220' title='bbox 754 1863 863 1905; x_wconf 88' lang='lat' dir='ltr'><em>male</em></span> <span class='ocrx_word' id='word_1_221' title='bbox 895 1864 1091 1906; x_wconf 77' lang='lat' dir='ltr'><em>Mionnet</em></span> <span class='ocrx_word' id='word_1_222' title='bbox 1122 1863 1271 1918; x_wconf 72' lang='lat' dir='ltr'><em>Suppl.</em></span> <span class='ocrx_word' id='word_1_223' title='bbox 1293 1863 1371 1906; x_wconf 88' lang='lat' dir='ltr'><em>IV</em></span> <span class='ocrx_word' id='word_1_224' title='bbox 1383 1867 1474 1914; x_wconf 80' lang='lat'><strong><em>361,</em></strong></span> <span class='ocrx_word' id='word_1_225' title='bbox 1505 1863 1571 1918; x_wconf 80' lang='lat'><em>73)</em></span> <span class='ocrx_word' id='word_1_226' title='bbox 1601 1864 1665 1906; x_wconf 81' lang='lat' dir='ltr'><em>vel</em></span> <span class='ocrx_word' id='word_1_227' title='bbox 1693 1863 1844 1906; x_wconf 84' lang='lat' dir='ltr'><em>Liviae</em></span> <span class='ocrx_word' id='word_1_228' title='bbox 1873 1861 2077 1919; x_wconf 75' lang='lat' dir='ltr'><em>(Imhoof-</em></span> 
     </span>
     <span class='ocr_line' id='line_1_26' title="bbox 361 1931 2080 1989; baseline 0 -16"><span class='ocrx_word' id='word_1_229' title='bbox 361 1931 537 1973; x_wconf 79' lang='lat' dir='ltr'><em>Blumer</em></span> <span class='ocrx_word' id='word_1_230' title='bbox 568 1931 592 1975; x_wconf 90' lang='lat' dir='ltr'><em>l.</em></span> <span class='ocrx_word' id='word_1_231' title='bbox 627 1945 660 1973; x_wconf 89' lang='lat' dir='ltr'><em>c.</em></span> <span class='ocrx_word' id='word_1_232' title='bbox 690 1946 732 1973; x_wconf 90' lang='lat' dir='ltr'><em>n.</em></span> <span class='ocrx_word' id='word_1_233' title='bbox 753 1931 822 1986; x_wconf 85' lang='lat'><em>59)</em></span> <span class='ocrx_word' id='word_1_234' title='bbox 850 1935 889 1974; x_wconf 71' lang='lat' dir='ltr'><em>et</em></span> <span class='ocrx_word' id='word_1_235' title='bbox 916 1932 1190 1986; x_wconf 73' lang='lat' dir='ltr'><em>inscriptione</em></span> <span class='ocrx_word' id='word_1_236' title='bbox 1215 1931 1427 1978; x_wconf 83' lang='grc' dir='ltr'>Μεσκίνιος</span> <span class='ocrx_word' id='word_1_237' title='bbox 1452 1932 1571 1988; x_wconf 87' lang='grc' dir='ltr'><em>Στρα.</em></span> <span class='ocrx_word' id='word_1_238' title='bbox 1602 1932 1711 1988; x_wconf 87' lang='grc' dir='ltr'><em>(Στρ.</em></span> <span class='ocrx_word' id='word_1_239' title='bbox 1732 1946 1817 1986; x_wconf 77' lang='lat' dir='ltr'><em>pro</em></span> <span class='ocrx_word' id='word_1_240' title='bbox 1846 1932 1964 1989; x_wconf 84' lang='grc' dir='ltr'><em>Στρα.</em></span> <span class='ocrx_word' id='word_1_241' title='bbox 1994 1933 2080 1974; x_wconf 85' lang='lat' dir='ltr'><em>Im-</em></span> 
     </span>
     <span class='ocr_line' id='line_1_27' title="bbox 361 1999 1800 2057; baseline 0.001 -16"><span class='ocrx_word' id='word_1_242' title='bbox 361 2000 468 2053; x_wconf 76' lang='lat' dir='ltr'><em>hoof</em></span> <span class='ocrx_word' id='word_1_243' title='bbox 490 2013 530 2041; x_wconf 90' lang='lat' dir='ltr'><em>n.</em></span> <span class='ocrx_word' id='word_1_244' title='bbox 552 2000 636 2052; x_wconf 82' lang='lat'><strong>58).</strong></span> <span class='ocrx_word' id='word_1_245' title='bbox 687 1999 891 2042; x_wconf 79' lang='lat' dir='ltr'><em>Fortasse</em></span> <span class='ocrx_word' id='word_1_246' title='bbox 910 2000 1143 2042; x_wconf 77' lang='lat' dir='ltr'><em>Mescinius</em></span> <span class='ocrx_word' id='word_1_247' title='bbox 1169 1999 1416 2057; x_wconf 81' lang='grc' dir='ltr'>στρα(τηγὸς)</span> <span class='ocrx_word' id='word_1_248' title='bbox 1446 1999 1800 2042; x_wconf 78' lang='lat' dir='ltr'><em>Chalcidensium.</em></span> 
     </span>
    </p>

    <p class='ocr_par' dir='ltr' id='par_1_11' title="bbox 277 2067 2082 2737">
     <span class='ocr_line' id='line_1_28' title="bbox 277 2067 2077 2123; baseline -0.001 -12"><span class='ocrx_word' id='word_1_249' title='bbox 277 2069 360 2111; x_wconf 81' lang='lat'><em>362</em></span> <span class='ocrx_word' id='word_1_250' title='bbox 391 2068 681 2122; x_wconf 72' lang='lat' dir='ltr'><em>Mesomedes7</em></span> <span class='ocrx_word' id='word_1_251' title='bbox 715 2067 955 2123; x_wconf 81' lang='lat' dir='ltr'><em>Cretensis,</em></span> <span class='ocrx_word' id='word_1_252' title='bbox 992 2067 1206 2110; x_wconf 89' lang='lat' dir='ltr'><em>Hadriani</em></span> <span class='ocrx_word' id='word_1_253' title='bbox 1237 2067 1418 2110; x_wconf 88' lang='lat' dir='ltr'><em>libertus</em></span> <span class='ocrx_word' id='word_1_254' title='bbox 1450 2074 1492 2110; x_wconf 91' lang='lat' dir='ltr'><em>et</em></span> <span class='ocrx_word' id='word_1_255' title='bbox 1524 2067 1748 2110; x_wconf 86' lang='lat' dir='ltr'><em>familiaris</em></span> <span class='ocrx_word' id='word_1_256' title='bbox 1776 2067 1936 2111; x_wconf 80' lang='lat' dir='ltr'><em>Suidas</em></span> <span class='ocrx_word' id='word_1_257' title='bbox 1963 2081 1996 2110; x_wconf 86' lang='lat' dir='ltr'><em>s.</em></span> <span class='ocrx_word' id='word_1_258' title='bbox 2027 2081 2077 2118; x_wconf 70' lang='lat' dir='ltr'><em>v„</em></span> 
     </span>
     <span class='ocr_line' id='line_1_29' title="bbox 362 2135 2080 2192; baseline 0.001 -16"><span class='ocrx_word' id='word_1_259' title='bbox 362 2135 523 2192; x_wconf 87' lang='lat' dir='ltr'><em>lyricus</em></span> <span class='ocrx_word' id='word_1_260' title='bbox 555 2137 640 2191; x_wconf 77' lang='lat' dir='ltr'><em>(vit.</em></span> <span class='ocrx_word' id='word_1_261' title='bbox 671 2136 766 2187; x_wconf 88' lang='lat' dir='ltr'><em>Pii,</em></span> <span class='ocrx_word' id='word_1_262' title='bbox 812 2136 952 2191; x_wconf 79' lang='lat' dir='ltr'><em>Suiol.)</em></span> <span class='ocrx_word' id='word_1_263' title='bbox 995 2142 1036 2178; x_wconf 89' lang='lat' dir='ltr'><em>et</em></span> <span class='ocrx_word' id='word_1_264' title='bbox 1075 2137 1180 2178; x_wconf 86' lang='lat' dir='ltr'><em>artis</em></span> <span class='ocrx_word' id='word_1_265' title='bbox 1217 2136 1529 2179; x_wconf 81' lang='lat' dir='ltr'><em>citharoedicae</em></span> <span class='ocrx_word' id='word_1_266' title='bbox 1559 2136 1754 2178; x_wconf 89' lang='lat' dir='ltr'><em>conditor</em></span> <span class='ocrx_word' id='word_1_267' title='bbox 1772 2137 1823 2190; x_wconf 86' lang='grc' dir='ltr'><em>.(ὁ</em></span> <span class='ocrx_word' id='word_1_268' title='bbox 1853 2137 1943 2183; x_wconf 84' lang='grc' dir='ltr'>τοὺς</span> <span class='ocrx_word' id='word_1_269' title='bbox 1971 2136 2080 2179; x_wconf 79' lang='grc' dir='ltr'><strong>κιθα-</strong></span> 
     </span>
     <span class='ocr_line' id='line_1_30' title="bbox 362 2204 2080 2262; baseline 0 -16"><span class='ocrx_word' id='word_1_270' title='bbox 362 2205 552 2261; x_wconf 77' lang='grc' dir='ltr'>ρῳδικοὺς</span> <span class='ocrx_word' id='word_1_271' title='bbox 575 2204 718 2260; x_wconf 84' lang='grc' dir='ltr'>νόμους</span> <span class='ocrx_word' id='word_1_272' title='bbox 738 2207 964 2262; x_wconf 78' lang='grc' dir='ltr'>συγγράψας</span> <span class='ocrx_word' id='word_1_273' title='bbox 986 2204 1086 2254; x_wconf 86' lang='lat' dir='ltr'><em>Dio,</em></span> <span class='ocrx_word' id='word_1_274' title='bbox 1110 2204 1306 2246; x_wconf 77' lang='lat' dir='ltr'><em>similiter</em></span> <span class='ocrx_word' id='word_1_275' title='bbox 1324 2204 1554 2259; x_wconf 81' lang='lat' dir='ltr'><em>Eusebius)</em></span> <span class='ocrx_word' id='word_1_276' title='bbox 1575 2204 1663 2246; x_wconf 91' lang='lat' dir='ltr'><em>Dio</em></span> <span class='ocrx_word' id='word_1_277' title='bbox 1686 2208 1749 2255; x_wconf 88' lang='grc'><em>77,</em></span> <span class='ocrx_word' id='word_1_278' title='bbox 1773 2207 1838 2255; x_wconf 91' lang='grc'><em>13,</em></span> <span class='ocrx_word' id='word_1_279' title='bbox 1870 2204 2080 2247; x_wconf 85' lang='lat' dir='ltr'><em>Eusebius</em></span> 
     </span>
     <span class='ocr_line' id='line_1_31' title="bbox 363 2272 2082 2327; baseline 0.002 -13"><span class='ocrx_word' id='word_1_280' title='bbox 363 2273 502 2316; x_wconf 79' lang='lat' dir='ltr'><em>chron.</em></span> <span class='ocrx_word' id='word_1_281' title='bbox 549 2273 668 2327; x_wconf 64' lang='lat' dir='ltr'><em>(bers.</em></span> <span class='ocrx_word' id='word_1_282' title='bbox 712 2272 884 2315; x_wconf 84' lang='lat' dir='ltr'><em>Armen.</em></span> <span class='ocrx_word' id='word_1_283' title='bbox 931 2276 970 2315; x_wconf 76' lang='lat' dir='ltr'><em>et</em></span> <span class='ocrx_word' id='word_1_284' title='bbox 1013 2273 1294 2327; x_wconf 72' lang='lat' dir='ltr'><em>Hieronymus</em></span> <span class='ocrx_word' id='word_1_285' title='bbox 1340 2272 1397 2315; x_wconf 83' lang='lat' dir='ltr'><em>acl</em></span> <span class='ocrx_word' id='word_1_286' title='bbox 1440 2287 1480 2315; x_wconf 92' lang='lat' dir='ltr'><em>a.</em></span> <span class='ocrx_word' id='word_1_287' title='bbox 1526 2272 1635 2315; x_wconf 88' lang='lat' dir='ltr'><em>Abr.</em></span> <span class='ocrx_word' id='word_1_288' title='bbox 1680 2276 1820 2324; x_wconf 89' lang='grc'><em>2160,·</em></span> <span class='ocrx_word' id='word_1_289' title='bbox 1865 2272 2082 2327; x_wconf 77' lang='lat' dir='ltr'><em>Syncellus</em></span> 
     </span>
     <span class='ocr_line' id='line_1_32' title="bbox 358 2340 2081 2396; baseline 0 -14"><span class='ocrx_word' id='word_1_290' title='bbox 358 2355 406 2395; x_wconf 89' lang='grc' dir='ltr'><em>Ρ.</em></span> <span class='ocrx_word' id='word_1_291' title='bbox 438 2344 541 2391; x_wconf 88' lang='grc'><em>662,</em></span> <span class='ocrx_word' id='word_1_292' title='bbox 575 2340 658 2395; x_wconf 84' lang='grc'><em>16).</em></span> <span class='ocrx_word' id='word_1_293' title='bbox 730 2341 911 2396; x_wconf 82' lang='lat' dir='ltr'><em>Scripsit</em></span> <span class='ocrx_word' id='word_1_294' title='bbox 954 2340 1126 2382; x_wconf 90' lang='lat' dir='ltr'><em>laudem</em></span> <span class='ocrx_word' id='word_1_295' title='bbox 1168 2340 1347 2383; x_wconf 85' lang='lat' dir='ltr'><em>Antinoi</em></span> <span class='ocrx_word' id='word_1_296' title='bbox 1394 2340 1566 2384; x_wconf 75' lang='lat' dir='ltr'><em>SuiclaS.</em></span> <span class='ocrx_word' id='word_1_297' title='bbox 1635 2341 1689 2383; x_wconf 84' lang='lat' dir='ltr'><em>Ei</em></span> <span class='ocrx_word' id='word_1_298' title='bbox 1728 2341 1832 2383; x_wconf 87' lang='lat' dir='ltr'><em>Pius</em></span> <span class='ocrx_word' id='word_1_299' title='bbox 1877 2340 2081 2383; x_wconf 87' lang='lat' dir='ltr'><em>salarium</em></span> 
     </span>
     <span class='ocr_line' id='line_1_33' title="bbox 363 2407 2080 2464; baseline -0.001 -13"><span class='ocrx_word' id='word_1_300' title='bbox 363 2410 433 2463; x_wconf 84' lang='lat' dir='ltr'><em>(ab</em></span> <span class='ocrx_word' id='word_1_301' title='bbox 466 2409 696 2451; x_wconf 84' lang='lat' dir='ltr'><em>Hadriano</em></span> <span class='ocrx_word' id='word_1_302' title='bbox 718 2412 826 2463; x_wconf 71' lang='lat' dir='ltr'><em>pulo</em></span> <span class='ocrx_word' id='word_1_303' title='bbox 857 2408 1108 2464; x_wconf 91' lang='lat' dir='ltr'><em>concessum)</em></span> <span class='ocrx_word' id='word_1_304' title='bbox 1140 2410 1354 2451; x_wconf 84' lang='lat' dir='ltr'><em>imminuit</em></span> <span class='ocrx_word' id='word_1_305' title='bbox 1381 2410 1453 2451; x_wconf 79' lang='lat' dir='ltr'><em>vit.</em></span> <span class='ocrx_word' id='word_1_306' title='bbox 1480 2408 1557 2450; x_wconf 89' lang='lat' dir='ltr'><em>Pii</em></span> <span class='ocrx_word' id='word_1_307' title='bbox 1585 2412 1622 2459; x_wconf 90' lang='grc'><em>7,</em></span> <span class='ocrx_word' id='word_1_308' title='bbox 1644 2411 1685 2451; x_wconf 88' lang='grc'><em>8.</em></span> <span class='ocrx_word' id='word_1_309' title='bbox 1738 2407 1973 2463; x_wconf 82' lang='lat' dir='ltr'><em>Caracalla,</em></span> <span class='ocrx_word' id='word_1_310' title='bbox 2006 2409 2080 2464; x_wconf 88' lang='lat' dir='ltr'><em>qui</em></span> 
     </span>
     <span class='ocr_line' id='line_1_34' title="bbox 362 2476 2079 2534; baseline 0.001 -16"><span class='ocrx_word' id='word_1_311' title='bbox 362 2478 453 2532; x_wconf 92' lang='lat' dir='ltr'><em>ipse</em></span> <span class='ocrx_word' id='word_1_312' title='bbox 492 2477 657 2519; x_wconf 87' lang='lat' dir='ltr'><em>cithara</em></span> <span class='ocrx_word' id='word_1_313' title='bbox 692 2477 874 2533; x_wconf 89' lang='lat' dir='ltr'><em>psallere</em></span> <span class='ocrx_word' id='word_1_314' title='bbox 908 2477 1129 2529; x_wconf 83' lang='lat' dir='ltr'><em>didicerat,</em></span> <span class='ocrx_word' id='word_1_315' title='bbox 1171 2477 1472 2534; x_wconf 86' lang='lat' dir='ltr'><em>cenotaphium</em></span> <span class='ocrx_word' id='word_1_316' title='bbox 1503 2478 1541 2519; x_wconf 91' lang='lat' dir='ltr'><em>ei</em></span> <span class='ocrx_word' id='word_1_317' title='bbox 1572 2478 1768 2519; x_wconf 83' lang='lat' dir='ltr'><em>extruxit</em></span> <span class='ocrx_word' id='word_1_318' title='bbox 1799 2476 1887 2519; x_wconf 88' lang='lat' dir='ltr'><em>Dio</em></span> <span class='ocrx_word' id='word_1_319' title='bbox 1918 2480 1984 2527; x_wconf 86' lang='grc'><em>77,</em></span> <span class='ocrx_word' id='word_1_320' title='bbox 2015 2479 2079 2519; x_wconf 88' lang='grc'><em>13.</em></span> 
     </span>
     <span class='ocr_line' id='line_1_35' title="bbox 364 2543 2081 2600; baseline -0.001 -13"><span class='ocrx_word' id='word_1_321' title='bbox 364 2545 475 2587; x_wconf 91' lang='lat' dir='ltr'><em>Eius</em></span> <span class='ocrx_word' id='word_1_322' title='bbox 503 2549 551 2587; x_wconf 80' lang='lat' dir='ltr'><em>ut</em></span> <span class='ocrx_word' id='word_1_323' title='bbox 578 2546 742 2588; x_wconf 77' lang='lat' dir='ltr'><em>videtur</em></span> <span class='ocrx_word' id='word_1_324' title='bbox 771 2545 946 2600; x_wconf 72' lang='lat' dir='ltr'><em>hymnus</em></span> <span class='ocrx_word' id='word_1_325' title='bbox 974 2546 1021 2588; x_wconf 91' lang='lat' dir='ltr'><em>in</em></span> <span class='ocrx_word' id='word_1_326' title='bbox 1053 2545 1263 2596; x_wconf 86' lang='lat' dir='ltr'><em>Nemesin,</em></span> <span class='ocrx_word' id='word_1_327' title='bbox 1297 2560 1364 2600; x_wconf 85' lang='grc' dir='ltr'><em>αΡ.</em></span> <span class='ocrx_word' id='word_1_328' title='bbox 1395 2545 1671 2588; x_wconf 87' lang='lat' dir='ltr'><em>Bellermann</em></span> <span class='ocrx_word' id='word_1_329' title='bbox 1700 2545 1767 2587; x_wconf 87' lang='lat' dir='ltr'><em>olie</em></span> <span class='ocrx_word' id='word_1_330' title='bbox 1795 2545 1990 2600; x_wconf 74' lang='lat' dir='ltr'><em>Hymnen</em></span> <span class='ocrx_word' id='word_1_331' title='bbox 2011 2543 2081 2586; x_wconf 84' lang='lat' dir='ltr'><em>des</em></span> 
     </span>
     <span class='ocr_line' id='line_1_36' title="bbox 362 2612 2082 2669; baseline 0.001 -15"><span class='ocrx_word' id='word_1_332' title='bbox 362 2613 594 2667; x_wconf 69' lang='lat' dir='ltr'><em>,Dionysius</em></span> <span class='ocrx_word' id='word_1_333' title='bbox 617 2628 658 2656; x_wconf 91' lang='lat' dir='ltr'><em>u.</em></span> <span class='ocrx_word' id='word_1_334' title='bbox 682 2614 939 2656; x_wconf 82' lang='lat' dir='ltr'><em>Mesomedes</em></span> <span class='ocrx_word' id='word_1_335' title='bbox 959 2612 1124 2669; x_wconf 88' lang='lat' dir='ltr'><em>[Berol.</em></span> <span class='ocrx_word' id='word_1_336' title='bbox 1146 2613 1274 2668; x_wconf 83' lang='lat'><strong><em>1840]</em></strong></span> <span class='ocrx_word' id='word_1_337' title='bbox 1285 2628 1333 2668; x_wconf 92' lang='grc' dir='ltr'><em>Ρ.</em></span> <span class='ocrx_word' id='word_1_338' title='bbox 1355 2617 1413 2657; x_wconf 91' lang='grc'><em>26</em></span> <span class='ocrx_word' id='word_1_339' title='bbox 1432 2627 1513 2667; x_wconf 75' lang='lat' dir='ltr'><em>seq.</em></span> <span class='ocrx_word' id='word_1_340' title='bbox 1536 2614 1589 2667; x_wconf 81' lang='lat' dir='ltr'><em>cf.</em></span> <span class='ocrx_word' id='word_1_341' title='bbox 1603 2628 1651 2668; x_wconf 92' lang='grc' dir='ltr'><em>Ρ.</em></span> <span class='ocrx_word' id='word_1_342' title='bbox 1671 2615 1747 2665; x_wconf 85' lang='grc'><em>54;</em></span> <span class='ocrx_word' id='word_1_343' title='bbox 1777 2613 1869 2656; x_wconf 91' lang='lat' dir='ltr'><em>alia</em></span> <span class='ocrx_word' id='word_1_344' title='bbox 1889 2613 2082 2655; x_wconf 85' lang='lat' dir='ltr'><em>carmina</em></span> 
     </span>
     <span class='ocr_line' id='line_1_37' title="bbox 363 2681 1391 2737; baseline 0.001 -14"><span class='ocrx_word' id='word_1_345' title='bbox 363 2682 462 2732; x_wconf 87' lang='lat' dir='ltr'><em>cius,</em></span> <span class='ocrx_word' id='word_1_346' title='bbox 496 2681 608 2724; x_wconf 81' lang='lat' dir='ltr'><em>anth.</em></span> <span class='ocrx_word' id='word_1_347' title='bbox 641 2682 736 2724; x_wconf 88' lang='lat' dir='ltr'><em>Pal.</em></span> <span class='ocrx_word' id='word_1_348' title='bbox 761 2686 824 2732; x_wconf 92' lang='grc'><em>14,</em></span> <span class='ocrx_word' id='word_1_349' title='bbox 847 2685 900 2724; x_wconf 86' lang='lat'><em>63</em></span> <span class='ocrx_word' id='word_1_350' title='bbox 909 2695 922 2734; x_wconf 87' lang='lat'><em>;</em></span> <span class='ocrx_word' id='word_1_351' title='bbox 953 2697 1049 2737; x_wconf 88' lang='grc' dir='ltr'><em>αΡΡ.</em></span> <span class='ocrx_word' id='word_1_352' title='bbox 1082 2682 1270 2725; x_wconf 82' lang='lat' dir='ltr'><em>Planuol.</em></span> <span class='ocrx_word' id='word_1_353' title='bbox 1295 2685 1391 2726; x_wconf 86' lang='grc'><em>323.</em></span> 
     </span>
    </p>

    <p class='ocr_par' dir='ltr' id='par_1_12' title="bbox 280 2751 1572 2804">
     <span class='ocr_line' id='line_1_38' title="bbox 280 2751 1572 2804; baseline 0.002 -12"><span class='ocrx_word' id='word_1_354' title='bbox 280 2751 363 2792; x_wconf 87' lang='grc'><em>363</em></span> <span class='ocrx_word' id='word_1_355' title='bbox 394 2756 658 2791; x_wconf 85' lang='lat' dir='ltr'><em>MESSALLA</em></span> <span class='ocrx_word' id='word_1_356' title='bbox 689 2751 837 2792; x_wconf 91' lang='lat' dir='ltr'><em>consul</em></span> <span class='ocrx_word' id='word_1_357' title='bbox 869 2751 958 2793; x_wconf 89' lang='lat' dir='ltr'><em>ord.</em></span> <span class='ocrx_word' id='word_1_358' title='bbox 991 2767 1028 2793; x_wconf 89' lang='lat' dir='ltr'><em>a.</em></span> <span class='ocrx_word' id='word_1_359' title='bbox 1051 2751 1135 2794; x_wconf 85' lang='lat'><em>280</em></span> <span class='ocrx_word' id='word_1_360' title='bbox 1160 2765 1257 2793; x_wconf 89' lang='lat' dir='ltr'><em>cum</em></span> <span class='ocrx_word' id='word_1_361' title='bbox 1288 2751 1422 2794; x_wconf 80' lang='lat' dir='ltr'><em>Grato</em></span> <span class='ocrx_word' id='word_1_362' title='bbox 1453 2751 1572 2804; x_wconf 79' lang='lat' dir='ltr'><em>fasti.</em></span> 
     </span>
    </p>
   </div>
   <div class='ocr_carea' id='block_1_5' title="bbox 216 2816 2080 2875">
    <p class='ocr_par' dir='ltr' id='par_1_13' title="bbox 216 2816 2080 2875">
     <span class='ocr_line' id='line_1_39' title="bbox 216 2816 2080 2875; baseline 0 -15"><span class='ocrx_word' id='word_1_363' title='bbox 216 2854 219 2856; x_wconf 97' lang='lat'>.</span> <span class='ocrx_word' id='word_1_364' title='bbox 281 2819 364 2860; x_wconf 84' lang='lat'><em>364</em></span> <span class='ocrx_word' id='word_1_365' title='bbox 393 2823 625 2859; x_wconf 85' lang='lat' dir='ltr'>MESSALA</span> <span class='ocrx_word' id='word_1_366' title='bbox 657 2825 727 2859; x_wconf 84' lang='lat' dir='ltr'><em>‘ex</em></span> <span class='ocrx_word' id='word_1_367' title='bbox 759 2818 921 2860; x_wconf 86' lang='lat' dir='ltr'><em>familia</em></span> <span class='ocrx_word' id='word_1_368' title='bbox 949 2818 1095 2873; x_wconf 86' lang='lat' dir='ltr'><em>nobili,</em></span> <span class='ocrx_word' id='word_1_369' title='bbox 1130 2825 1274 2861; x_wconf 88' lang='lat' dir='ltr'><em>orator</em></span> <span class='ocrx_word' id='word_1_370' title='bbox 1303 2818 1624 2875; x_wconf 88' lang='lat' dir='ltr'><em>potentissimus</em></span> <span class='ocrx_word' id='word_1_371' title='bbox 1655 2816 1856 2874; x_wconf 87' lang='lat' dir='ltr'><em>idemque</em></span> <span class='ocrx_word' id='word_1_372' title='bbox 1886 2817 2080 2860; x_wconf 86' lang='lat' dir='ltr'><em>doctissi-</em></span> 
     </span>
    </p>
   </div>
   <div class='ocr_carea' id='block_1_6' title="bbox 281 2885 2082 3404">
    <p class='ocr_par' dir='ltr' id='par_1_14' title="bbox 364 2885 2081 3078">
     <span class='ocr_line' id='line_1_40' title="bbox 364 2885 2081 2942; baseline 0.001 -16"><span class='ocrx_word' id='word_1_373' title='bbox 364 2900 459 2927; x_wconf 92' lang='lat' dir='ltr'><em>mus</em></span> <span class='ocrx_word' id='word_1_374' title='bbox 491 2891 532 2927; x_wconf 87' lang='lat' dir='ltr'><em>et</em></span> <span class='ocrx_word' id='word_1_375' title='bbox 562 2886 606 2926; x_wconf 92' lang='lat' dir='ltr'><em>in</em></span> <span class='ocrx_word' id='word_1_376' title='bbox 636 2886 763 2928; x_wconf 89' lang='lat' dir='ltr'><em>rebus</em></span> <span class='ocrx_word' id='word_1_377' title='bbox 794 2886 972 2941; x_wconf 82' lang='lat' dir='ltr'><em>bellicis,</em></span> <span class='ocrx_word' id='word_1_378' title='bbox 1006 2888 1040 2928; x_wconf 91' lang='lat' dir='ltr'><em>si</em></span> <span class='ocrx_word' id='word_1_379' title='bbox 1073 2886 1325 2942; x_wconf 88' lang='lat' dir='ltr'><em>adplicetur,</em></span> <span class='ocrx_word' id='word_1_380' title='bbox 1357 2886 1479 2928; x_wconf 88' lang='lat' dir='ltr'><em>fortis</em></span> <span class='ocrx_word' id='word_1_381' title='bbox 1509 2885 1722 2928; x_wconf 80' lang='lat' dir='ltr'><em>futurus’:</em></span> <span class='ocrx_word' id='word_1_382' title='bbox 1763 2885 1864 2928; x_wconf 91' lang='lat' dir='ltr'><em>huic</em></span> <span class='ocrx_word' id='word_1_383' title='bbox 1903 2885 2081 2928; x_wconf 87' lang='lat' dir='ltr'><em>daretne</em></span> 
     </span>
     <span class='ocr_line' id='line_1_41' title="bbox 365 2954 2080 3010; baseline 0.001 -16"><span class='ocrx_word' id='word_1_384' title='bbox 365 2955 410 2995; x_wconf 92' lang='lat' dir='ltr'><em>in</em></span> <span class='ocrx_word' id='word_1_385' title='bbox 446 2954 764 2996; x_wconf 89' lang='lat' dir='ltr'><em>matrimonium</em></span> <span class='ocrx_word' id='word_1_386' title='bbox 797 2954 1047 2997; x_wconf 85' lang='lat' dir='ltr'><em>Theocliam</em></span> <span class='ocrx_word' id='word_1_387' title='bbox 1078 2970 1287 3010; x_wconf 85' lang='lat' dir='ltr'><em>sororem,</em></span> <span class='ocrx_word' id='word_1_388' title='bbox 1330 2954 1542 2997; x_wconf 88' lang='lat' dir='ltr'><em>deliberat</em></span> <span class='ocrx_word' id='word_1_389' title='bbox 1582 2968 1679 2996; x_wconf 90' lang='lat' dir='ltr'><em>cum</em></span> <span class='ocrx_word' id='word_1_390' title='bbox 1718 2960 1855 2996; x_wconf 87' lang='lat' dir='ltr'><em>matre</em></span> <span class='ocrx_word' id='word_1_391' title='bbox 1894 2954 2080 2997; x_wconf 84' lang='lat' dir='ltr'><em>Severus</em></span> 
     </span>
     <span class='ocr_line' id='line_1_42' title="bbox 365 3021 1326 3078; baseline 0.002 -15"><span class='ocrx_word' id='word_1_392' title='bbox 365 3021 616 3064; x_wconf 89' lang='lat' dir='ltr'><em>Alexander</em></span> <span class='ocrx_word' id='word_1_393' title='bbox 644 3022 714 3063; x_wconf 79' lang='lat' dir='ltr'><em>vit.</em></span> <span class='ocrx_word' id='word_1_394' title='bbox 748 3022 975 3066; x_wconf 74' lang='lat' dir='ltr'><em>Maximin.</em></span> <span class='ocrx_word' id='word_1_395' title='bbox 1006 3026 1076 3072; x_wconf 88' lang='grc'><em>29,</em></span> <span class='ocrx_word' id='word_1_396' title='bbox 1098 3026 1125 3064; x_wconf 90' lang='grc'><em>4</em></span> <span class='ocrx_word' id='word_1_397' title='bbox 1155 3023 1326 3078; x_wconf 70' lang='lat' dir='ltr'><em>(fictio).</em></span> 
     </span>
    </p>

    <p class='ocr_par' dir='ltr' id='par_1_15' title="bbox 281 3088 2044 3147">
     <span class='ocr_line' id='line_1_43' title="bbox 281 3088 2044 3147; baseline -0.001 -14"><span class='ocrx_word' id='word_1_398' title='bbox 281 3091 363 3133; x_wconf 80' lang='lat'><em>365</em></span> <span class='ocrx_word' id='word_1_399' title='bbox 394 3089 592 3143; x_wconf 83' lang='lat' dir='ltr'><em>Messala,</em></span> <span class='ocrx_word' id='word_1_400' title='bbox 625 3104 796 3145; x_wconf 88' lang='lat' dir='ltr'><em>praeses</em></span> <span class='ocrx_word' id='word_1_401' title='bbox 826 3090 1041 3133; x_wconf 86' lang='lat' dir='ltr'><em>Achaiae:</em></span> <span class='ocrx_word' id='word_1_402' title='bbox 1074 3090 1257 3147; x_wconf 88' lang='lat' dir='ltr'><em>epistula</em></span> <span class='ocrx_word' id='word_1_403' title='bbox 1287 3091 1413 3133; x_wconf 90' lang='lat' dir='ltr'><em>Decii</em></span> <span class='ocrx_word' id='word_1_404' title='bbox 1444 3090 1497 3132; x_wconf 86' lang='lat' dir='ltr'><em>ad</em></span> <span class='ocrx_word' id='word_1_405' title='bbox 1529 3104 1626 3132; x_wconf 90' lang='lat' dir='ltr'><em>eum</em></span> <span class='ocrx_word' id='word_1_406' title='bbox 1655 3090 1724 3131; x_wconf 72' lang='lat' dir='ltr'><em>va.</em></span> <span class='ocrx_word' id='word_1_407' title='bbox 1754 3088 1933 3134; x_wconf 77' lang='lat' dir='ltr'><em>Claudii</em></span> <span class='ocrx_word' id='word_1_408' title='bbox 1958 3092 2044 3132; x_wconf 89' lang='grc'><em>16.·</em></span> 
     </span>
    </p>

    <p class='ocr_par' dir='ltr' id='par_1_16' title="bbox 281 3157 2082 3269">
     <span class='ocr_line' id='line_1_44' title="bbox 281 3157 2082 3202; baseline -0.002 -1"><span class='ocrx_word' id='word_1_409' title='bbox 281 3160 363 3201; x_wconf 85' lang='grc'><em>366</em></span> <span class='ocrx_word' id='word_1_410' title='bbox 392 3158 595 3200; x_wconf 86' lang='lat' dir='ltr'><em>Messalla</em></span> <span class='ocrx_word' id='word_1_411' title='bbox 615 3158 858 3201; x_wconf 86' lang='lat' dir='ltr'><em>Rutilianus</em></span> <span class='ocrx_word' id='word_1_412' title='bbox 880 3163 908 3201; x_wconf 75' lang='lat' dir='ltr'><em>t.</em></span> <span class='ocrx_word' id='word_1_413' title='bbox 930 3160 1199 3202; x_wconf 85' lang='lat' dir='ltr'><em>suburbanus</em></span> <span class='ocrx_word' id='word_1_414' title='bbox 1219 3159 1344 3202; x_wconf 92' lang='lat' dir='ltr'><em>XIV</em></span> <span class='ocrx_word' id='word_1_415' title='bbox 1354 3162 1475 3202; x_wconf 83' lang='lat'><em>3966.</em></span> <span class='ocrx_word' id='word_1_416' title='bbox 1528 3158 1691 3200; x_wconf 87' lang='lat' dir='ltr'><em>Nomen</em></span> <span class='ocrx_word' id='word_1_417' title='bbox 1709 3157 1873 3199; x_wconf 79' lang='lat' dir='ltr'><em>videtur</em></span> <span class='ocrx_word' id='word_1_418' title='bbox 1891 3157 2082 3199; x_wconf 83' lang='lat' dir='ltr'><em>indicare</em></span> 
     </span>
     <span class='ocr_line' id='line_1_45' title="bbox 363 3223 1743 3269; baseline 0 -1"><span class='ocrx_word' id='word_1_419' title='bbox 363 3226 569 3269; x_wconf 81' lang='lat' dir='ltr'><em>hominem</em></span> <span class='ocrx_word' id='word_1_420' title='bbox 597 3227 788 3269; x_wconf 84' lang='lat' dir='ltr'><em>nobilem.</em></span> <span class='ocrx_word' id='word_1_421' title='bbox 1740 3223 1743 3224; x_wconf 40' lang='lat'><em>⁷</em></span> 
     </span>
    </p>

    <p class='ocr_par' dir='ltr' id='par_1_17' title="bbox 293 3293 873 3351">
     <span class='ocr_line' id='line_1_46' title="bbox 293 3293 873 3351; baseline 0.002 -15"><span class='ocrx_word' id='word_1_422' title='bbox 293 3319 350 3324; x_wconf 88' lang='lat'><em>——-</em></span> <span class='ocrx_word' id='word_1_423' title='bbox 395 3293 631 3351; x_wconf 85' lang='lat' dir='ltr'><em>Calpurnia</em></span> <span class='ocrx_word' id='word_1_424' title='bbox 659 3294 873 3338; x_wconf 88' lang='lat' dir='ltr'><em>Messalla.</em></span> 
     </span>
    </p>

    <p class='ocr_par' dir='ltr' id='par_1_18' title="bbox 295 3368 948 3404">
     <span class='ocr_line' id='line_1_47' title="bbox 295 3368 948 3404; baseline -0.002 0"><span class='ocrx_word' id='word_1_425' title='bbox 295 3388 349 3393; x_wconf 78' lang='lat'><strong>—</strong></span> <span class='ocrx_word' id='word_1_426' title='bbox 397 3369 447 3404; x_wconf 91' lang='lat' dir='ltr'><em>M.</em></span> <span class='ocrx_word' id='word_1_427' title='bbox 480 3368 636 3404; x_wconf 84' lang='lat' dir='ltr'>SILIVS</span> <span class='ocrx_word' id='word_1_428' title='bbox 668 3369 948 3404; x_wconf 88' lang='lat' dir='ltr'><em>MESSALLA.</em></span> 
     </span>
    </p>
   </div>
  </div>
 </body>
</html>
