2202 3724
102 259 270 298 mlvs
967 251 1051 296 1‘15
1745 259 1914 298 IVLIVS

176 392 367 435 'comites
397 391 490 434 eius
510 391 562 435 L.
581 392 782 434 Licinius
813 391 849 435 C
864 424 873 434 .
888 424 898 434 .
912 424 944 434 ..
978 390 1047 434 VI
1058 394 1170 435 1442
1194 390 1330 446 (modo
1357 393 1467 434 recte
1485 390 1614 434 verba
1640 390 1784 434 lacera
1805 391 1919 434 tituli

190 461 445 517 suppleverit
484 461 700 518 Henzen),·
750 460 830 504 Cn.
880 460 1100 503 Domitius
1142 458 1460 503 Ahenobarbus
1504 474 1590 505 cos
1635 475 1674 502 a.
1704 460 1760 503 32
1800 459 1916 505 Suet.

193 529 297 574 Ner.
319 532 359 580 5,
389 529 462 572 vix
489 531 600 572 recte
632 527 704 584 (cf.
735 542 869 584 supra
892 528 951 572 D.
973 528 1094 583 109)‚·
1123 534 1307 572 sectator
1346 528 1440 571 eius
1468 528 1520 571 L.
1551 526 1702 571 Aelius
1734 528 1917 572 Seianus

195 597 452 641 adulescens
489 597 586 640 Tac.
620 612 660 640 a.
690 601 729 649 4,
760 601 799 642 1.
859 597 1060 640 Tiberius
1091 612 1189 640 eum
1220 597 1339 640 Sami
1370 597 1572 639 convenit
1605 596 1721 640 Suet.
1749 597 1840 642 Tib.
1860 601 1918 641 12

196 665 314 722 (Chii
348 665 547 709 Zonaras
577 665 604 708 l.
637 666 690 721 c.)
721 666 775 720 cf.
809 665 910 708 Vell.
940 669 984 717 2,
1014 669 1108 712 101.
1169 664 1332 708 Consul
1360 680 1399 709 a.
1421 665 1504 708 754
1534 680 1632 708 cum
1653 665 1704 707 L.
1731 664 1916 708 Aemilio

195 734 332 779 Paulo
369 735 478 790 fasti
487 768 498 786 ,
537 749 667 791 quem
695 734 966 778 consulatum
996 734 1171 777 videtur
1199 735 1348 776 iniisse
1378 735 1424 776 in
1456 733 1586 790 Syria
1613 732 1704 777 Dio
1728 736 1794 785 55,
1826 737 1917 779 10⁶.

196 803 398 861 Epistula
436 803 624 858 Augusti
664 802 720 845 ad
761 818 859 846 eum
894 803 934 845 d.
965 805 1020 846 23
1053 803 1170 860 Sept.
1203 803 1287 846 754
1324 802 1433 846 Gell.
1464 806 1530 854 15,
1562 806 1600 845 7.
1666 801 1778 845 Cum
1817 816 1919 858 rege

193 872 454 915 Parthorum
493 873 539 914 in
568 871 710 914 insula
749 873 889 914 amnis
923 870 1161 928 Euphratis
1191 872 1278 914 coit
1307 871 1408 914 Vell.
1439 874 1483 922 2,
1515 874 1597 914 101
1627 871 1682 924 cf.
1713 869 1802 913 Dio
1833 885 1918 914 exc.

202 942 296 986 Urs.
338 939 446 996 (Dio
485 940 547 982 ed.
588 939 722 983 Dind.
754 939 797 983 V
807 955 857 995 p.
887 942 1004 995 237).
1061 939 1281 982 Armeniis
1319 953 1467 994 regem
1506 939 1582 982 dat
1620 955 1729 983 mon.
1759 940 1919 996 Ancyr.

193 1013 233 1062 5,
265 1013 346 1061 29,·
389 1009 487 1051 Tac.
520 1022 618 1051 ann.
651 1012 695 1059 2,
725 1012 753 1051 4
762 1022 776 1060 ;
813 1008 982 1051 Florus
1020 1011 1063 1058 2,
1104 1011 1176 1051 32.
1247 1007 1295 1051 C.
1342 1007 1503 1051 Caesar
1547 1009 1780 1052 amicitiam
1824 1024 1922 1051 cum

194 1077 368 1122 Parthis
413 1077 517 1119 fecit
563 1077 777 1120 Eusebius
819 1076 960 1119 chron.
1008 1075 1127 1128 (vers.
1172 1076 1295 1118 Arm.
1337 1077 1414 1119 sub
1457 1091 1495 1118 a.
1539 1080 1671 1129 2015,
1713 1078 1923 1133 Hierony-

194 1159 286 1189 mus
324 1146 400 1188 sub
440 1160 480 1188 a.
511 1148 638 1196 2017,
679 1145 752 1188 secl
788 1146 835 1187 in
877 1158 990 1187 anno
1027 1145 1202 1187 variant
1241 1144 1430 1197 codices).
1496 1145 1701 1188 Iudaeam
1732 1153 1920 1203 praeter-

198 1214 362 1258 vehens
392 1214 506 1270 apud
529 1213 831 1270 Hierosolyma
861 1227 946 1255 non
968 1212 1232 1269 supplicavit
1252 1212 1369 1256 Suet.
1390 1213 1504 1268 Auy.
1526 1217 1581 1256 93
1606 1214 1720 1269 (inde
1749 1215 1924 1258 Orosius

199 1288 236 1335 7,
266 1286 324 1340 3).
383 1282 610 1325 ‘Arabiam
649 1283 887 1339 prospexit’
929 1280 1051 1323 Plin.
1081 1281 1121 1323 h.
1151 1295 1194 1324 n.
1226 1285 1265 1332 6,
1295 1285 1388 1332 160,
1429 1288 1502 1324 ‘ex
1540 1281 1705 1324 Arabia
1742 1283 1924 1338 gloriam

198 1352 367 1410 petivit’
393 1352 449 1394 ib.
471 1354 541 1402 12,
561 1353 615 1394 55
636 1351 690 1404 cf.
712 1354 756 1401 2,
779 1353 872 1393 168.
914 1350 1067 1404 (Iubae
1087 1350 1202 1404 regis
1223 1349 1278 1392 dc
1297 1349 1462 1392 Arabia
1482 1350 1551 1392 vel
1573 1350 1627 1393 de
1649 1351 1925 1408 expeditione

201 1419 390 1464 Arabica
418 1419 475 1462 ad
505 1434 603 1462 eum
631 1418 732 1462 libri
763 1419 819 1463 ib.
851 1422 890 1469 6,
921 1422 1014 1461 141.
1044 1422 1114 1468 12,
1143 1421 1210 1461 56.
1241 1421 1312 1469 32,
1334 1419 1419 1472 10).
1469 1418 1640 1461 Bellum
1671 1420 1926 1462 Parthicum

198 1489 391 1546 parabat,
423 1503 521 1531 cum
551 1487 729 1530 fratrem
756 1488 943 1530 Lucium
973 1488 1127 1542 amisit,
1160 1488 1187 1529 i.
1220 1502 1255 1531 e.
1287 1502 1434 1529 mense
1452 1486 1567 1542 Aug.
1598 1504 1636 1530 a.
1660 1489 1742 1531 755
1765 1489 1928 1531 Seneca

201 1558 259 1600 acl
289 1557 436 1612 Polyb.
469 1557 518 1599 de
545 1570 654 1601 cons:
683 1558 742 1607 15,
764 1560 803 1599 4.
853 1555 1179 1598 Rebellantibus
1209 1555 1429 1598 Armeniis
1460 1571 1499 1598 a.
1532 1557 1614 1599 755
1635 1556 1724 1599 Dio
1743 1560 1809 1607 55,
1832 1560 1924 1607 10⁰,

201 1641 297 1669 cum
327 1625 535 1682 oppidum
567 1639 715 1667 eorum
743 1624 951 1679 Artagira
981 1623 1208 1679 obsideret,
1240 1623 1494 1668 vulneratus
1524 1624 1580 1666 ab
1599 1624 1785 1667 Addone
1817 1625 1928 1680 (sive

201 1695 377 1749 Donne)
400 1693 498 1737 Vell.
517 1697 561 1744 2,
578 1697 676 1743 102,
698 1692 786 1735 Dio
809 1693 835 1735 l.
858 1707 892 1735 e.
915 1692 1038 1745 (Zon.
1056 1696 1123 1743 10,
1139 1692 1224 1747 36),
1245 1692 1412 1735 Florus
1426 1697 1470 1744 2,
1485 1697 1556 1744 32,
1578 1694 1684 1748 Rus.
1705 1693 1859 1736 Festus
1881 1697 1928 1736 19

202 1765 258 1818 ef.
282 1764 444 1807 Seneca
465 1775 574 1805 cons.
598 1762 657 1804 acl
680 1761 830 1816 Polyb.
851 1764 918 1812 15,
939 1765 978 1812 4,
1005 1761 1103 1804 Tac.
1127 1776 1166 1806 a.
1188 1765 1227 1812 1,
1247 1764 1298 1813 3,·
1317 1762 1426 1816 fasti
1445 1761 1680 1817 Caprenses
1699 1763 1777 1805 IX
1792 1765 1906 1805 5290
1918 1775 1931 1813 ;

202 1832 409 1875 decretum
440 1831 649 1874 Pisanum
674 1831 755 1873 XI
778 1834 902 1874 1421.
974 1830 1123 1887 Captis
1162 1829 1379 1885 Artagiris
1418 1831 1652 1887 imperator
1690 1831 1929 1888 appellatus

202 1900 291 1943 Dio
325 1900 351 1942 l.
382 1913 416 1942 c.
458 1900 710 1956 (imperator
739 1899 800 1942 II
820 1902 946 1943 3267.
981 1898 1021 1941 V
1040 1902 1162 1941 4306.
1193 1901 1312 1941 6416.
1342 1898 1452 1941 XII
1471 1901 1582 1956 141).
1638 1899 1710 1941 Ex
1751 1898 1930 1941 vulnere

203 1968 319 2025 apud
345 1968 550 2023 Artagira
579 1974 755 2025 accepto
786 1973 1014 2022 aegrotans
1045 1968 1251 2010 ‘animum
1281 1967 1425 2010 minus
1456 1967 1606 2010 utilem
1637 1969 1699 2010 rei
1731 1967 1930 2024 publicae

146 2031 163 2065 ’-
203 2037 363 2080 habere
385 2038 558 2093 coepit'‚
580 2043 627 2079 ut
648 2037 693 2078 in
715 2051 883 2079 secessu
900 2036 1087 2093 quodam
1109 2051 1332 2079 senescere
1352 2036 1484 2079 vellet
1504 2036 1604 2079 Vell.
1622 2036 1649 2079 l.
1667 2050 1715 2086 c.,
1737 2035 1826 2078 Dio
1848 2035 1875 2080 l.
1896 2050 1929 2078 c.

206 2107 258 2149 In
278 2105 450 2148 Italiam
469 2120 666 2148 remeans
691 2105 876 2148 decessit
894 2105 1087 2162 Limyris
1108 2106 1152 2147 in
1174 2105 1313 2162 Lycia
1339 2105 1439 2148 Vell.
1463 2105 1489 2148 l.
1512 2119 1560 2156 c.,
1591 2105 1679 2148 Dio
1702 2104 1727 2147 l.
1751 2118 1784 2147 o.
1807 2104 1930 2156 (Zon.

206 2179 273 2226 10,
303 2173 373 2230 36)
403 2174 472 2216 IX
501 2173 588 2216 kal.
618 2174 798 2221 Martias
828 2189 866 2218 a.
888 2190 930 2217 u.
955 2189 991 2218 c.
1023 2174 1105 2217 757
1137 2194 1193 2209 =
1221 2189 1263 2231 p.
1296 2173 1398 2217 Chr.
1429 2174 1457 2217 4
1488 2173 1695 2217 decretum
1725 2173 1933 2216 Pisanum

205 2243 286 2286 XI
307 2246 431 2293 1421,
462 2243 571 2297 fasti
597 2242 763 2285 Gabini
789 2242 916 2286 XIV
926 2245 1053 2287 2801.

121 2313 203 2356 142
233 2319 275 2355 C.
297 2311 500 2366 (IVLIVS)
523 2317 720 2354 CAESAR
740 2311 990 2355 Germanici
1008 2311 1207 2355 Caesaris
1228 2311 1257 2353 f.
1281 2314 1309 2353 t.
1330 2325 1419 2365 rep.
1434 2310 1598 2353 Romae
1610 2325 1748 2365 prope
1767 2324 1934 2353 mauso-

209 2381 347 2424 laeum
376 2379 563 2434 Auyusti
592 2379 661 2422 VI
680 2382 777 2422 888.
850 2380 965 2423 Unus
1004 2394 1055 2422 ea:
1093 2380 1230 2422 tribus
1257 2378 1505 2422 Germanici
1532 2379 1659 2434 filiis,
1691 2379 1764 2433 qui
1793 2382 1937 2422 tenera

210 2452 348 2492 aetate
378 2449 586 2499 obierunt,
620 2448 669 2491 de
698 2449 848 2503 quibus
874 2448 1032 2492 Sueten
1071 2447 1164 2491 Gal.
1197 2451 1235 2499 7,
1266 2454 1394 2490 natus
1424 2447 1587 2490 Tibure
1616 2463 1655 2490 a.
1686 2463 1728 2504 p.
1755 2447 1856 2491 Chr.
1880 2448 1929 2490 11

210 2518 385 2561 Plinius
410 2531 478 2571 ap.
502 2517 619 2560 Suet.
641 2531 675 2559 c.
695 2520 736 2567 8,
768 2532 878 2574 puer
907 2518 940 2559 ir
981 2527 984 2533 ’
1096 2516 1330 2559 festivitate
1360 2516 1477 2559 Suet.
1501 2530 1535 2559 c.
1559 2519 1587 2558 7
1613 2517 1668 2570 cf.
1700 2530 1733 2559 c.
1757 2519 1799 2560 8.

126 2588 207 2630 143
239 2593 280 2629 C.
302 2586 504 2641 (IVLIVS)
527 2592 734 2642 CAESAR,
754 2590 906 2641 postea
928 2589 958 2628 L
995 2588 998 2590 ’
1073 2592 1183 2628 ,ΒΑΕ
1202 2591 1459 2628 AVGVSTVS
1482 2591 1806 2628 GERMANICVS
1829 2586 1935 2630 Ger-

209 2655 367 2698 manici
399 2654 598 2698 Caesaris
629 2661 672 2697 et
698 2655 967 2712 Agrippinae
997 2655 1124 2710 filius,
1155 2661 1284 2697 natus
1314 2670 1352 2696 a.
1375 2670 1417 2711 p.
1440 2653 1544 2697 Chr.
1577 2655 1630 2697 12
1661 2654 1703 2696 d.
1733 2655 1781 2697 3]
1819 2653 1934 2708 Aug.

210 2723 327 2767 Suet.
351 2722 444 2767 Cal.
464 2726 493 2766 8
513 2724 568 2778 cf.
583 2723 671 2766 Dio
690 2726 760 2774 59,
781 2727 808 2766 6
829 2724 955 2776 (diem
975 2725 1229 2779 confirmant
1248 2722 1517 2774 kalendaria,
1539 2723 1594 2777 cf.
1612 2722 1725 2767 CIL.
1742 2723 1776 2765 I
1781 2738 1827 2777 p.
1839 2726 1933 2772 400,

210 2796 249 2835 et
275 2793 349 2834 vit.
377 2791 534 2835 Gomm.
556 2795 621 2843 10,
648 2796 680 2836 2
709 2793 764 2847 cf.
795 2796 834 2843 1,
855 2792 915 2847 2),
947 2791 1069 2835 Antii
1094 2791 1210 2836 Suet.
1233 2790 1315 2834 l.'c.
1338 2806 1389 2834 ea:
1409 2792 1528 2842 actis,
1560 2792 1605 2833 in
1627 2792 1722 2834 vico
1746 2790 1935 2847 quodam

212 2861 506 2903 Treverorum
525 2860 703 2903 Plinius
724 2876 791 2915 ap.
809 2862 926 2904 Suet.
949 2861 975 2905 l.
997 2875 1031 2903 c.
1054 2859 1111 2913 (et
1130 2861 1195 2903 ita
1213 2864 1310 2906 erat,
1327 2860 1469 2915 opinio
1493 2860 1682 2915 vulgaris
1702 2861 1758 2914 cf.
1776 2860 1937 2902 Seneca

213 2929 316 2972 dial.
327 2933 371 2980 2,
382 2931 450 2980 18,
461 2933 500 2979 4,
529 2929 626 2971 Tae.
641 2944 680 2971 a.
694 2933 732 2980 1,
743 2929 827 2984 41),
849 2929 1014 2972 Tibure
1032 2928 1280 2972 Gaetulicus
1302 2943 1371 2983 ap.
1386 2928 1502 2972 Suet.
1522 2928 1548 2970 l.
1567 2943 1600 2971 c.
1632 2928 1686 2972 A.
1703 2943 1743 2984 p.
1762 2927 1864 2971 Chr.
1884 2928 1937 2970 14

211 2998 267 3039 ad
299 3003 463 3054 patrem
492 2998 537 3039 in
565 2998 843 3042 Germaniam
873 2998 1124 3055 perducitur
1155 2997 1272 3040 Suet.
1295 2998 1352 3039 ib.
1403 2997 1524 3039 Inter
1551 2996 1709 3039 milites
1739 3002 1938 3038 versatur

213 3065 455 3121 gregalium
484 3065 649 3121 habitu,
681 3066 880 3122 Caligula
898 3073 1128 3123 propterea
1146 3065 1287 3108 dictus
1309 3065 1472 3109 Seneca
1490 3065 1592 3109 dial.
1613 3069 1656 3115 2,
1678 3068 1745 3115 18,
1765 3069 1804 3115 4,
1837 3064 1935 3106 Tac.

215 3149 255 3177 a.
277 3137 316 3184 1,
337 3137 405 3177 49.
428 3137 495 3184 69,
528 3133 643 3177 Suet.
666 3149 699 3177 c.
722 3138 761 3186 9,
793 3134 881 3177 Dio
899 3138 968 3186 57,
989 3138 1028 3186 5,
1051 3134 1211 3178 Suidas
1231 3147 1264 3177 s.
1286 3148 1324 3176 v.
1345 3132 1572 3191 Καλιγόλας
1593 3133 1781 3187 (Aelian.
1803 3133 1858 3186 fr.
1879 3135 1938 3175 24

214 3201 436 3258 Hercher).
495 3202 711 3257 Legiones
751 3202 1076 3258 tumultuantes,
1116 3218 1215 3244 cum
1254 3201 1448 3244 subtrahi
1489 3216 1588 3243 eum
1627 3201 1683 3242 ad
1723 3200 1937 3242 Treveros

214 3270 424 3324 viderent,
456 3269 512 3311 ad
542 3271 850 3326 paenitentiam
869 3286 1021 3313 versae
1051 3277 1151 3313 sunt
1178 3271 1276 3313 Tac.
1299 3285 1339 3312 a.
1362 3274 1399 3321 1,
1419 3273 1486 3320 41,
1520 3269 1635 3312 Suet.
1658 3282 1692 3311 c.
1714 3272 1740 3311 9
1768 3267 1939 3322 (paullo

215 3338 341 3381 aliter
378 3337 468 3381 Dio
497 3341 563 3389 57,
598 3341 625 3380 5
655 3358 709 3373 =
741 3339 939 3382 Zonaras
973 3343 1038 3390 11,
1075 3342 1131 3395 1).
1195 3339 1369 3381 Patrem
1409 3339 1640 3380 comitatur
1679 3337 1724 3378 in
1765 3336 1939 3392 Syriam
