2190 3724
147 274 399 316 HATERIVS
837 318 844 324 ,
1003 267 1086 310 127
1638 252 1649 260 ’
1766 271 1952 307 HEDIVS

148 543 199 585 21

149 1091 204 1132 22

232 405 341 449 Fuit
359 405 591 460 proconsul
618 406 801 459 fortasse
839 406 1092 460 temporibus
1122 404 1326 454 Neronis,
1366 405 1406 446 si
1443 403 1608 458 quidem
1641 406 1838 458 quaestor
1866 403 1955 444 eius

233 475 285 516 L.
313 473 533 517 Cornelius
563 473 800 516 Marcellus
828 477 1085 516 memo-ratur
1115 473 1231 528 apud
1265 473 1362 515 Tae.
1394 487 1434 515 a.
1456 476 1520 523 16,
1542 475 1582 523 8,
1613 472 1653 514 Ιι.
1675 476 1713 522 1,
1733 475 1800 516 37.

233 541 284 586 Τ.
316 542 522 585 Haterius
552 542 710 598 Nepos.
778 543 822 586 T.
854 542 1085 597 Fulyinz'as
1113 542 1193 584 XI
1213 544 1326 585 5213
1361 541 1586 596 acephalus
1615 540 1688 583 sed
1716 542 1956 583 coniectura

232 610 460 665 Boryhesa·
477 614 503 654 5
526 626 574 665 p.
595 614 653 654 24
682 611 871 653 adhunc
890 611 1062 654 relatus.
1112 610 1364 654 Praefectus
1386 610 1584 664 cohortis,
1618 609 1816 652 tribunus
1846 609 1954 651 mili-

235 685 336 733 tum,
368 678 611 735 praefectus
641 681 856 736 equitum3
898 681 1084 722 censitor
1114 679 1359 721 Brittonum
1391 679 1771 732 Anavionensium,
1805 692 1955 734 procu-

234 754 352 791 rator
373 747 486 802 Aug.
508 747 740 791 Armeniae
761 749 932 790 maioris
949 749 1082 802 (intra
1100 762 1235 790 annos
1261 749 1472 801 114s117),
1495 747 1586 789 ludi
1607 747 1765 802 magni,
1789 745 1954 788 heredi-

235 817 389 859 tatium
420 823 463 858 et
482 832 509 858 a
528 817 740 870 censibus,
773 832 799 858 a
828 816 984 859 libellis
1004 817 1203 871 Augusti,
1235 815 1478 872 praefectus
1504 815 1686 870 vigilum
1713 816 1777 856 tit.
1827 815 1955 856 Prae·

234 884 372 927 fectus
403 883 593 941 Aegypti
625 885 784 934 titulus,
815 900 853 927 a.
877 886 952 927 121
989 885 1048 938 (d.
1082 885 1134 927 18
1165 884 1291 927 Febr.
1323 885 1446 926 audit
1465 884 1757 938 Memnonem)
1788 883 1876 925 III
1887 886 1955 932 39,

234 967 272 996 a.
307 954 388 995 124
418 967 612 1007 papyrus
652 953 917 1007 Aeqyptiaea
955 967 1024 1007 ap.
1068 953 1376 995 Mommseuum
1415 952 1617 996 Zeitselz-r.
1647 952 1721 994 der
1751 952 1957 1006 Savifflzy-

235 1021 429 1075 Stiftunq
457 1022 490 1074 f.
521 1021 906 1075 Rechtsyeschichte
932 1021 1079 1063 Roem.
1106 1021 1236 1065 Abth.
1266 1021 1373 1063 XII
1387 1036 1435 1075 p.
1454 1024 1553 1064 285.

234 1095 278 1131 Τ.
325 1095 578 1131 HATERIVS
626 1095 787 1131 NEPOS
836 1095 1020 1131 ATINAS
1069 1095 1259 1131 PROBVS
1309 1095 1568 1130 PVBLICIVS
1614 1095 1957 1131 MATENIANVS.

241 1157 405 1200 Titulus
442 1157 674 1208 Fulm'm'as
711 1157 792 1199 XI
822 1160 951 1201 5212.
1023 1157 1188 1200 Nomen
1217 1157 1393 1211 plenum
1437 1157 1602 1199 exhibet
1644 1161 1672 1199 t.
1714 1157 1760 1198 F
1756 1157 1956 1211 ulyiue‘as,

235 1227 287 1270 T.
310 1226 516 1268 Haterius
536 1226 682 1282 Nepos
710 1226 812 1280 dipl.
845 1241 885 1268 a.
907 1230 998 1276 134,
1031 1229 1111 1270 act.
1133 1226 1239 1268 Are).
1260 1241 1299 1267 a.
1322 1230 1420 1276 120,
1452 1226 1658 1268 Haterius
1680 1226 1824 1281 Nepos
1855 1225 1957 1279 dipl.

237 1310 277 1338 a.
298 1298 391 1339 138.
450 1295 605 1337 Frater
626 1294 811 1348 Arvalis,
839 1294 962 1337 adest
992 1295 1036 1336 in
1066 1294 1247 1350 collegio
1278 1310 1316 1336 a.
1342 1295 1433 1336 118.
1459 1295 1552 1348 120,
1584 1295 1789 1348 magister
1820 1294 1958 1335 factus

235 1379 273 1408 a.
302 1365 384 1406 120
414 1365 456 1405 in
489 1378 648 1406 annum
686 1365 761 1406 121
795 1367 876 1406 aet.
898 1363 1002 1405 Arc.
1034 1363 1099 1419 (in
1129 1367 1157 1405 t.
1183 1363 1433 1418 Fulye'm'ate
1461 1363 1538 1405 lzoe
1566 1362 1848 1404 sacerdotium
1875 1377 1959 1404 uon

236 1431 612 1486 commemoratur).
653 1432 857 1475 Pontifex
878 1435 906 1474 t.
952 1431 1050 1475 Cos.
1074 1435 1115 1482 t.,
1147 1432 1353 1474 suffectus
1383 1446 1529 1473 mense
1548 1431 1656 1487 Apr.
1688 1447 1725 1473 a.
1750 1432 1831 1473 134
1861 1445 1959 1472 cum

237 1500 291 1543 T.
311 1500 440 1543 Vibio
461 1501 579 1542 Varo
611 1500 712 1555 dipl.
742 1501 830 1544 mil.
858 1500 996 1552 (CIL.
1025 1501 1112 1543 III
1125 1515 1174 1554 p.
1194 1503 1308 1555 877).
1355 1500 1545 1554 Legatus
1567 1500 1816 1541 Pannoniae
1837 1514 1959 1555 supe-

237 1570 363 1611 rioris
391 1584 431 1611 a.
454 1570 535 1611 138
563 1569 665 1623 dipl.
687 1569 774 1613 mil.
805 1569 943 1624 (CIL.
965 1569 1055 1611 III
1068 1584 1116 1623 p.
1137 1571 1250 1623 879).
1296 1567 1652 1625 Triumphalibus
1683 1568 1960 1622 [ornamentis

236 1636 487 1692 honoratus]
509 1641 537 1680 t.
577 1637 805 1680 Diversum
826 1652 911 1680 esse
936 1638 981 1680 Τ.
1005 1637 1232 1680 Haterium
1254 1637 1406 1691 Nepotr
1417 1651 1456 1679 m
1481 1636 1809 1691 tritmtphalt'bus
1834 1650 1959 1677 orna-

235 1706 386 1748 mentis
425 1705 678 1748 honoratum
715 1721 744 1748 a
782 1706 948 1749 consule
979 1707 1085 1749 armi
1111 1709 1191 1748 134
1221 1709 1261 1748 et
1291 1705 1426 1760 leyato
1457 1705 1709 1748 Pannoniae
1739 1719 1850 1746 auno
1882 1707 1962 1746 138

242 1775 410 1828 putavit
447 1774 728 1829 Boryhesius,
767 1775 842 1817 sed
877 1776 968 1817 sine
1011 1776 1124 1817 iusta
1162 1788 1316 1826 causa,·
1356 1775 1411 1828 ef.
1442 1774 1666 1816 Bormavm
1703 1773 1761 1815 ad
1795 1773 1960 1815 titulum

238 1842 539 1898 Fulqiniatem.

154 1912 208 1954 23
238 1917 302 1954 ΤΙ.
342 1918 595 1954 HATERIVS
637 1918 950 1955 SATVRNINVS
993 1912 1135 1966 (Ater-
1165 1927 1252 1967 pro
1289 1913 1442 1954 Hater-
1482 1911 1608 1954 XIV
1627 1911 1750 1965 246),
1795 1911 1961 1966 legatus

153 2249 209 2295 24

154 2393 208 2434 25

154 2530 209 2572 26

239 1979 538 2035 Augustorum
568 1981 724 2035 (Marci
755 1988 798 2023 et
818 1981 923 2023 Veri
954 1988 1030 2023 aut
1058 1981 1195 2023 Marci
1226 1988 1268 2023 et
1297 1980 1540 2034 Commodi)
1571 1981 1820 2036 provinciae
1851 1980 1961 2022 Pan-

239 2050 394 2091 noniae
415 2049 630 2091 inferioris
651 2050 739 2092 III
749 2053 871 2094 3473.
890 2053 1000 2092 3479
1021 2048 1089 2102 (de
1108 2053 1288 2104 tempore
1309 2051 1363 2103 ef.
1386 2048 1510 2092 XIV
1522 2055 1568 2103 p.
1589 2051 1676 2091 482
1704 2049 1763 2090 ad
1784 2063 1824 2091 u.
1846 2049 1961 2102 246).

236 2117 452 2160 Patronus
481 2119 625 2160 nescio
655 2120 778 2160 cuius
799 2120 991 2175 corporis
1013 2118 1224 2162 Ostiensis
1243 2119 1323 2161 XI
1329 2118 1369 2161 V
1379 2121 1465 2161 246
1485 2118 1561 2160 ool.
1583 2118 1617 2160 I
1628 2121 1694 2160 18.
1716 2121 1782 2160 19.
1823 2116 1962 2159 Filius

239 2186 331 2227 eius
356 2186 446 2229 III
465 2190 587 2229 3473.

239 2254 445 2297 Haterius
476 2255 617 2297 Rufus
647 2256 826 2307 (Hatur-
849 2271 935 2311 pro
957 2257 1110 2299 Hater-
1143 2256 1320 2298 Paridis
1346 2256 1539 2310 epitome)
1571 2269 1701 2311 eques
1730 2256 1959 2309 Romanus,

240 2323 507 2366 memorabili
537 2324 725 2380 quodam
755 2340 859 2367 casu
882 2326 1110 2380 Syracusis
1140 2326 1269 2381 periit
1294 2324 1488 2366 Valerius
1510 2324 1733 2366 Mammas
1752 2327 1790 2373 1,
1813 2327 1850 2373 7,
1872 2326 1911 2365 8.

240 2391 383 2434 Hedia
402 2391 618 2434 Antoniae
638 2392 904 2435 Maximillae
922 2393 1097 2447 liberta3
1129 2395 1168 2435 ei
1196 2394 1262 2435 ius
1283 2393 1522 2446 Quiritium
1542 2408 1568 2434 a
1589 2392 1777 2434 Traiano
1808 2393 1963 2448 petivit

239 2459 407 2502 Plinius
436 2475 499 2515 ep.
531 2461 589 2503 ad
621 2461 737 2504 Trai.
756 2465 796 2512 5,
818 2466 862 2505 2.

237 2535 282 2570 L.
310 2535 497 2571 HEDIVS
538 2536 698 2572 RVFVS
738 2537 1020 2573 LOLLIANVS
1060 2537 1254 2572 AVITVS.
1325 2530 1490 2573 Titulus
1529 2529 1789 2584 Smyrnaeus
1827 2530 1963 2572 Roelel

239 2597 415 2641 schedae
445 2598 662 2653 epiyraplz.
686 2614 734 2653 p.
757 2603 796 2649 9,
829 2599 887 2642 acl
913 2599 1023 2641 himo
1052 2599 1212 2642 relatus
1242 2614 1271 2641 a
1298 2598 1627 2653 Waddtnytouio
1655 2597 1754 2640 bull.
1777 2598 1826 2640 cle
1853 2613 1961 2640 corr.

238 2666 385 2709 hellen.
407 2670 434 2709 6
459 2682 507 2722 p.
529 2671 613 2711 291
644 2667 716 2722 (1).
778 2668 1048 2710 Memoratur
1089 2669 1133 2710 in
1172 2669 1278 2710 actis
1317 2668 1503 2721 fratrum
1534 2666 1759 2708 Arvalium.
1799 2682 1838 2710 a.
1871 2670 1961 2716 155,

240 2735 308 2778 VI
327 2738 442 2778 2086
472 2737 534 2791 (2)
565 2739 606 2778 et
644 2737 690 2778 in
727 2737 856 2790 fastis
884 2737 1091 2779 salioru-m
1123 2736 1423 2779 Palatiuorum
1454 2735 1522 2778 VI
1543 2738 1653 2778 1978
1682 2749 1718 2777 v.
1750 2739 1804 2777 10
1834 2736 1893 2789 (3)
1925 2738 1963 2776 et

239 2802 578 2862 wmueffl.

326 2872 377 2914 L.
399 2871 568 2915 Hedius
588 2872 727 2914 Rufus
753 2871 975 2915 Lollianus
995 2871 1154 2914 Avitus
1186 2875 1214 2914 t.
1234 2875 1274 2922 3,
1307 2872 1356 2915 L.
1378 2870 1600 2914 Lollianus
1620 2871 1778 2914 Avitus
1810 2876 1837 2914 t.
1859 2876 1901 2914 2.
1921 2875 1959 2921 4,

242 2940 408 2987 Λόλλιος
430 2939 629 2988 Ἀουεῖτος
650 2944 678 2983 t.
700 2944 726 2983 1
745 2942 871 2995 (corr.
903 2940 1219 2995 Waddinyton).
1270 2940 1414 2982 Filius
1442 2943 1490 2982 ut
1517 2940 1681 2982 videtur
1700 2941 1750 2984 L.
1773 2940 1964 2982 Lolliam·

241 3008 365 3050 Aviti
393 3009 575 3051 consulis
605 3024 644 3053 a.
675 3013 754 3052 144
782 3010 854 3064 (cf.
885 3012 1060 3052 stemma
1087 3010 1357 3063 propositum
1384 3009 1461 3051 sub
1493 3009 1558 3064 L,
1575 3009 1773 3051 Lolliano
1804 3008 1960 3061 Avito),

242 3078 381 3131 frater
411 3078 500 3119 eius
527 3078 601 3130 qui
628 3078 815 3131 sequitur
841 3078 888 3130 Q.
911 3077 1045 3120 Hedu·
1062 3077 1168 3132 Rufi
1190 3077 1383 3120 Lolliam‘
1409 3077 1614 3120 Gentiam‘
1632 3078 1782 3126 vuu'or,
1811 3078 1962 3130 quippe

242 3146 316 3199 qui
335 3148 433 3188 ante
447 3159 539 3188 eum
553 3147 663 3188 inter
681 3146 811 3188 salios
824 3149 1013 3200 receptus
1027 3146 1094 3196 sit,
1109 3149 1336 3200 praeterea
1346 3136 1492 3200 patris
1503 3146 1780 3199 praenomine
1800 3148 1960 3185 utatur.

243 3215 362 3258 Inter
382 3228 538 3270 pueros
558 3213 793 3257 Arvalibus
813 3215 1108 3256 ministrantes
1129 3230 1167 3256 a.
1187 3215 1267 3257 155
1290 3218 1317 3256 t.
1339 3219 1382 3257 2.
1415 3213 1556 3256 Salius
1580 3212 1800 3254 Palatinus
1823 3212 1960 3253 factus

242 3297 281 3326 a.
305 3282 386 3324 170
417 3285 444 3324 t.
465 3286 505 3333 3,
536 3284 627 3325 exit
656 3298 679 3324 e
709 3282 889 3338 collegio
910 3298 947 3324 a.
970 3285 1052 3324 178
1082 3285 1108 3326 t.
1129 3286 1168 3324 4.
1226 3282 1383 3325 Consul
1410 3281 1609 3332 suffectus
1640 3280 1802 3322 vridetur
1831 3281 1961 3332 fue'sse

241 3350 317 3393 sub
345 3349 581 3395 Commodo.
639 3350 880 3394 Proconsul
899 3350 1031 3394 Asiae
1058 3353 1086 3392 t.
1108 3354 1147 3394 1.
1180 3375 1230 3380 -
1261 3350 1405 3393 Huius
1435 3353 1474 3392 et
1502 3349 1656 3404 fratris
1685 3349 1833 3403 affinis
1853 3350 1962 3402 puto
