2202 3724
209 281 501 317 HERENNIVS
1070 275 1090 315 1
1097 273 1151 314 36
1716 278 2006 314 HERENNIVS

267 429 269 431 ¹
292 413 407 467 filiis.
467 413 513 454 P.
546 412 793 453 Herennius
824 410 1065 465 Dexippus,
1099 409 1333 451 Ptolemaei
1363 409 1406 462 f.,
1435 408 1723 463 Atheniensis,
1757 423 1867 466 pago
1898 411 2005 453 Her-

292 482 402 522 mius
425 480 549 523 tituli.
593 479 783 525 Δέξιππος
812 478 1018 528 Δεξίππου,
1051 480 1070 519 ὁ
1093 476 1288 534 Ἑρέννιος
1313 478 1570 533 χρηματίσας,
1604 476 1814 534 Ἀθηναῖος
1835 479 2005 524 Suidas.

292 549 476 590 Munera
506 554 547 588 et
577 546 816 588 sacerdotia
842 545 1246 605 eius-Atheniensia,
1280 547 1324 586 in
1354 545 1420 586 his
1449 545 1748 587 archontatum
1779 546 2004 603 duplicem,

294 622 335 658 et
364 616 477 669 regis
508 616 581 670 qui
613 613 857 668 dicebatur,
903 620 944 655 et
975 628 1233 669 eponymum
1265 619 1517 655 enumerant
1547 614 1671 657 tituli.
1730 614 1897 658 Floruit
1926 616 2006 658 sub

294 683 524 726 Valeriano
545 681 742 725 Gallieno
765 681 946 724 Claudio
966 681 1201 723 Aureliano
1224 680 1384 724 Suiclas
1404 681 1651 735 (Aureliani
1672 695 1740 724 res
1761 686 1902 737 ¹aestas
1919 684 2008 738 ipse

293 752 445 805 cottion,
479 751 534 803 cf.
562 751 617 803 fr.
639 753 696 792 24
716 750 804 791 III
812 764 860 803 p.
882 752 968 792 682
998 749 1164 805 Muell.)
1197 749 1249 802 cf.
1271 749 1443 803 Eunap.
1464 750 1535 791 vit.
1564 749 1795 805 Porphyrii
1824 752 1899 794 sub
1933 752 2006 806 fin.

292 818 566 873 Agonotheta
597 817 968 874 Panathenaeisbt.
999 821 1037 859 3.
1068 821 1105 871 4,
1148 816 1468 859 Panathenaide
1509 824 1557 859 ut
1591 818 1763 860 videtur
1794 821 2009 862 tricesima

294 888 457 944 quinta,
491 901 602 942 quac
625 885 795 927 videtur
815 879 1016 927 incidisse
1037 886 1081 926 in
1112 900 1148 927 a.
1170 901 1211 941 p.
1234 884 1283 927 C.
1304 885 1431 928 262!ss
1462 886 1514 939 cf.
1538 885 1835 942 Dittenberyer
1863 902 2006 931 comm.

295 955 492 998 Momms.
525 969 573 1008 p.
602 957 698 997 253.
759 955 822 995 Eo
863 954 972 996 duce
1010 953 1296 996 Athenienses
1327 952 1492 995 Gothos
1532 954 1686 1009 fugant
1724 971 1762 998 a.
1794 957 1892 999 circ.
1924 957 2006 999 267

292 1024 362 1068 vit.
393 1022 576 1065 Gallien.
608 1025 672 1072 13,
700 1025 728 1063 8
759 1023 812 1075 cf.
844 1021 1034 1076 Dcoeippi
1061 1022 1117 1075 fr.
1148 1026 1205 1064 21
1226 1036 1273 1076 p.
1295 1025 1376 1064 680
1409 1022 1558 1064 Muell.
1619 1022 1777 1066 Orator
1808 1031 1849 1066 et
1878 1024 2007 1067 histo-

294 1094 455 1133 riarum
487 1091 669 1146 scriptor
700 1093 727 1134 t.
749 1093 787 1132 4.
839 1090 909 1131 De
939 1091 1112 1146 scriptis
1142 1091 1234 1131 eius
1264 1096 1398 1144 agunt
1419 1089 1599 1132 Photius
1630 1091 1728 1136 bibl.
1757 1093 1843 1136 cod.
1863 1095 1924 1136 82
1953 1093 2006 1147 cf.

293 1160 380 1202 cocl.
405 1162 470 1209 77,
504 1162 542 1201 et
572 1159 838 1200 continuator
869 1158 1157 1200 chronicorum
1185 1159 1272 1200 eius
1302 1158 1528 1213 Eunapius
1556 1159 1652 1201 hist.
1683 1161 1738 1214 fr.
1770 1165 1795 1203 1
1826 1162 1927 1216 (exe.
1960 1162 2008 1204 cle

291 1231 408 1278 sent„
440 1227 519 1269 IV
531 1242 579 1281 p.
603 1230 653 1268 11
675 1226 868 1278 Muell.),·
897 1227 1138 1281 frayrnenta
1167 1241 1308 1268 eorum
1337 1241 1373 1269 v.
1406 1241 1473 1281 ap.
1502 1227 1686 1270 Mueller
1714 1230 1771 1283 fr.
1802 1230 1899 1272 hist.
1929 1230 2006 1273 Gr.

291 1297 378 1339 III
391 1310 440 1350 10.
462 1298 669 1337 667-687.
726 1294 930 1337 Diversus
951 1310 979 1337 a
999 1294 1196 1349 Περιτίῳ-ρο
1216 1294 1482 1350 philosopho,
1514 1309 1607 1338 euin
1626 1311 1704 1351 quo
1735 1299 2008 1352 confunditur

291 1379 319 1406 a
348 1364 438 1406 Ioh.
468 1363 608 1406 Tectae
639 1363 691 1416 cf.
717 1363 853 1405 Basse
883 1363 1068 1406 Hermae
1096 1363 1174 1406 vol.
1195 1366 1254 1406 23
1274 1378 1321 1417 p.
1343 1367 1429 1406 402
1448 1377 1529 1418 seq.

206 1433 259 1475 72
292 1439 330 1474 C.
361 1431 685 1485 HERENN[I]VS
727 1431 1092 1486 [DOL]A[B]ELLA
1122 1431 1361 1486 (coynornen
1389 1433 1450 1474 sic
1478 1433 1683 1487 supplevit
1713 1434 1883 1477 Henzen
1903 1449 2007 1489 pro-

292 1498 505 1554 babiliter)
538 1498 686 1541 consul
718 1500 923 1541 suffectus
956 1506 1141 1541 exeunte
1171 1514 1283 1541 anno
1307 1500 1388 1541 119
1418 1515 1517 1542 cum
1549 1501 1700 1556 [R]ufov
1715 1503 1903 1558 quodam
1926 1507 2006 1546 act.

290 1569 395 1610 Arv.
427 1567 521 1623 (VI
543 1567 686 1621 2030).

209 1639 262 1681 73
294 1644 336 1687 Q.
367 1642 657 1678 HERENNIVS
683 1642 935 1678 ETRVSCVS
963 1643 1172 1678 MESSIVS
1198 1643 1379 1693 DECIVS
1404 1643 1599 1679 CAESAR
1630 1638 1801 1692 (postea
1828 1646 2009 1682 AVGVS-

293 1706 417 1759 TVS).
452 1704 637 1746 Nomina
665 1704 787 1757 plene
807 1706 1052 1759 perscripm
1072 1705 1265 1747 exhibent
1286 1705 1400 1747 tituli
1419 1706 1479 1747 ΙΙ
1490 1709 1610 1750 3735.
1632 1709 1753 1758 4058,
1785 1708 1873 1750 ΙΙΙ
1885 1711 2006 1760 3746,

293 1774 361 1816 VI
374 1777 480 1818 1101
511 1773 678 1826 aliique,
712 1773 764 1826 Q.
795 1774 899 1815 Her.
931 1774 1023 1815 Etr.
1055 1773 1161 1815 Mes.
1193 1774 1354 1815 Decius
1384 1775 1546 1816 numini
1571 1775 1765 1829 plerique
1795 1777 2011 1819 commatis

291 1842 479 1884 Romani
499 1840 687 1895 (Gohen2
707 1844 733 1883 5
757 1856 803 1895 2).
825 1841 949 1892 214),·
980 1842 1109 1883 Here.
1139 1842 1271 1885 Etru.¹
1291 1842 1397 1884 Mes.
1421 1842 1506 1895 Qu.
1528 1843 1690 1885 Decius
1721 1845 1881 1886 nummi
1907 1859 2011 1888 non-

292 1911 401 1953 nulli
430 1909 515 1964 (ap.
540 1909 680 1952 Gohen
708 1924 748 1952 n.
772 1913 808 1951 1.
841 1913 883 1954 2.
907 1913 945 1954 9.
967 1912 1032 1954 35.
1054 1909 1146 1963 40);
1176 1909 1228 1962 Q.
1258 1910 1387 1952 Here.
1411 1910 1624 1953 Traianus
1645 1912 1807 1954 Decius
1838 1912 1937 1958 nob.
1960 1913 2009 1957 O.

291 1979 452 2021 numini
489 1978 614 2020 unius
655 1979 805 2020 antica
838 1992 905 2032 ap.
937 1977 1097 2020 Eckhel
1127 1980 1155 2019 7
1185 1992 1232 2031 p.
1258 1980 1362 2028 348,
1402 1979 1479 2020 ubi
1507 1979 1636 2021 Here.
1670 1980 1883 2023 Traianus
1922 1982 2012 2024 sine

294 2047 418 2088 dubio
467 2045 576 2088 male
624 2045 770 2087 lectum
815 2049 874 2088 est
913 2060 999 2100 pro
1043 2046 1148 2089 Her.
1194 2046 1285 2088 Etr.
1331 2046 1460 2101 Mes.;
1506 2048 1754 2091 Herennius
1798 2049 2011 2092 Polemius

295 2115 466 2164 Silvius,
490 2114 700 2156 Etruscus
723 2114 966 2167 (Etruscius
987 2114 1075 2157 cod.
1097 2114 1243 2168 Bocll.)
1275 2114 1416 2157 Victor
1443 2115 1561 2160 Caes.
1583 2117 1806 2170 (Rusticus
1825 2117 2013 2173 Prosper

293 2183 340 2224 in
375 2181 601 2224 indicando
632 2182 851 2224 consulatu
882 2197 921 2224 a.
953 2183 1068 2237 25]),
1109 2182 1272 2224 Decius
1313 2183 1453 2225 Victor
1481 2185 1591 2238 epit„
1619 2185 1744 2227 Decii
1777 2186 1825 2228 (le
1854 2187 1946 2241 ipso
1976 2190 2015 2228 et

286 2253 416 2304 patre
452 2250 571 2293 Treb.
601 2249 740 2292 Pollio
769 2251 841 2292 vit.
874 2250 1086 2294 Valerian.
1108 2253 1146 2300 5,
1168 2254 1207 2301 4,
1239 2250 1342 2295 Vict.
1375 2251 1507 2302 Caes„
1538 2253 1754 2296 Ammian.
1783 2257 1849 2305 31,
1880 2257 1917 2305 5,
1945 2258 2012 2305 16,

293 2320 390 2361 item
411 2318 657 2372 plerumque
678 2317 804 2360 Decii
831 2319 1032 2362 vocabulo
1063 2319 1305 2373 appellatur
1333 2321 1379 2362 in
1408 2320 1636 2363 indicando
1657 2322 1876 2364 consulatu
1897 2336 2013 2376 quem

292 2387 420 2440 yessit
459 2400 551 2428 cum
582 2389 712 2440 patre
754 2401 792 2431 a.
824 2389 907 2430 251
949 2388 1105 2441 (Decio
1143 2388 1211 2430 ΙΙΙ
1252 2394 1293 2430 et
1328 2388 1465 2430 Decio
1507 2388 1629 2434 Caes.
1671 2390 2014 2445 chronoyraphus

297 2470 334 2497 a.
366 2458 446 2498 354
477 2458 515 2497 et
545 2455 773 2509 Hydatius,
805 2456 983 2498 duobus
1004 2456 1152 2498 Deciis
1183 2471 1320 2500 conss,
1358 2457 1479 2501 Treb.
1504 2457 1644 2500 Pollio
1676 2457 1890 2502 Valerian.
1910 2461 1950 2509 5,
1972 2462 2012 2509 4,

295 2523 367 2566 dd.
408 2538 478 2567 nn.
520 2525 621 2580 imp.
664 2524 799 2566 Decio
841 2524 954 2579 Aug.
991 2525 1058 2566 III
1099 2531 1141 2566 et
1179 2525 1315 2567 Decio
1352 2524 1464 2580 Aug.
1508 2540 1593 2568 cos.
1637 2526 1784 2568 titulus
1825 2527 2015 2569 urbanus

294 2592 446 2634 notizie
466 2594 573 2634 1885
600 2606 641 2645 p.
664 2591 773 2645 187),
805 2607 897 2634 cuin
927 2595 1066 2634 tarnen
1094 2607 1179 2635 non
1207 2607 1310 2635 raro
1329 2593 1396 2635 hic
1423 2594 1661 2636 consulatus
1680 2595 1807 2637 meris
1830 2595 2015 2637 numeris

297 2667 363 2702 ter
393 2666 435 2701 et
463 2659 593 2701 semel
623 2661 883 2714 siqnificetur
923 2661 994 2715 (cf.
1026 2661 1235 2715 Boryhcsi
1268 2676 1360 2716 opp.
1395 2665 1430 2712 7,
1460 2661 1555 2716 44);
1594 2662 1741 2704 Messii
1772 2663 1934 2704 Decius
1974 2669 2016 2704 et

298 2728 486 2780 Quintus
528 2728 575 2770 de
618 2729 709 2782 ijo-50
749 2732 787 2770 et
825 2730 963 2782 fratre
1001 2729 1214 2771 nu‘liarius
1253 2730 1456 2772 Baeticus
1486 2730 1575 2772 III
1595 2730 1760 2774 5988l9.
1793 2755 1851 2760 —
1880 2730 2017 2772 Filius

280 2796 347 2855 C.
368 2795 514 2837 Messii
537 2796 589 2848 Q.
613 2797 788 2838 Traiani
810 2797 935 2838 Decii
956 2797 1144 2852 Augusti
1176 2797 1236 2851 (et
1266 2798 1514 2840 Herenniae
1546 2798 1860 2854 Oupresseniae
1889 2799 2016 2841 Etru-

300 2863 457 2918 scillae,
482 2865 535 2918 cf.
552 2866 628 2907 sub
649 2865 759 2919 hac),
782 2881 808 2907 a
829 2871 950 2921 patre
971 2865 1131 2908 Caesar
1152 2866 1289 2907 factus
1316 2865 1457 2908 Victor
1483 2865 1602 2910 Caes.
1623 2870 1694 2917 29,
1717 2867 1899 2921 Eutrop.
1917 2870 1956 2917 9,
1977 2870 2015 2917 4,

300 2932 477 2986 (3111129,
509 2933 626 2977 Ost-03.
652 2937 688 2983 7,
711 2937 780 2983 21,
802 2937 840 2984 3,
866 2935 1095 2990 statimque
1116 2935 1159 2976 in
1180 2933 1351 2989 Illyrios
1373 2936 1632 2990 praemissus
1660 2935 1813 2977 Victor.
1855 2935 2017 2978 Consul

302 3000 544 3043 ordinarius
575 3017 612 3045 a.
636 3003 714 3044 251
740 3016 838 3043 cum
868 3008 990 3057 patre
1021 3003 1194 3044 tertium
1213 3003 1418 3057 fasti'(cf.
1436 3004 1562 3045 etiam
1582 3003 1744 3057 supra).
1794 3002 2017 3057 Augustus

301 3069 470 3119 nummi,
503 3083 570 3123 ap.
600 3069 738 3111 Cohen
761 3084 808 3123 p.
836 3073 921 3112 216
950 3083 1031 3124 seq.
1060 3084 1102 3114 n.
1137 3073 1173 3112 7.
1204 3073 1268 3112 16.
1300 3073 1366 3113 18.
1397 3074 1463 3113 19.
1493 3074 1560 3112 30.
1591 3074 1658 3113 37.
1688 3074 1754 3114 41.
1785 3074 1866 3122 42;
1893 3071 2018 3114 initio

304 3137 407 3178 anni
435 3139 517 3179 251
558 3138 688 3190 fuisse
719 3138 934 3179 etiamtum
962 3138 1184 3181 Caesarem
1214 3138 1403 3180 declarat
1438 3139 1583 3181 titulus
1614 3139 1683 3182 VI
1702 3143 1823 3181 1101.
1883 3140 2019 3182 Periit

305 3219 390 3245 una
420 3219 519 3246 cum
549 3212 671 3261 patre
700 3206 745 3247 in
774 3205 1001 3249 barbarico
1032 3206 1255 3261 Dexippus
1285 3221 1352 3261 ap.
1380 3207 1617 3262 Syncellum
1638 3222 1686 3262 p.
1707 3211 1788 3249 376
1818 3207 2019 3262 (Mueller

304 3272 359 3324 fr.
390 3272 485 3314 hist.
515 3273 592 3317 Gr.
614 3269 702 3316 III
714 3289 760 3328 p.
783 3278 875 3324 674,
898 3274 990 3328 16),
1021 3274 1162 3316 Victor
1188 3273 1307 3318 Gaas.
1341 3274 1365 3315 l.
1388 3289 1434 3325 c„
1467 3276 1563 3329 epit.
1588 3275 1614 3317 l.
1636 3290 1683 3326 e„
1715 3275 1895 3330 Eutrop.
1919 3276 1945 3320 l.
1968 3290 2016 3325 c.,

306 3339 427 3382 Oros.
445 3340 472 3382 l.
495 3355 542 3390 e.,
565 3342 780 3383 Aminiam.
799 3346 867 3392 31,
887 3346 926 3391 5,
950 3346 1013 3391 16,
1042 3342 1217 3383 Polewii
1237 3343 1364 3385 Siluii
1383 3343 1622 3393 laterculus,
1645 3344 1843 3386 meras
1860 3348 1931 3394 12,
1946 3348 2019 3387 20,
