2202 3724
248 291 465 326 LICINIVS
1103 284 1185 325 286
1824 291 2042 328 LICINIVS

251 421 330 463 177
363 420 615 474 (LICINIVS)
647 425 965 460 VALERIANVS
1007 418 1281 473 (yentilicium
1320 433 1404 462 non
1443 420 1653 472 traditur,·
1692 420 1944 463 Valerianus
1972 422 2044 463 vit.

334 488 531 537 Gallien„
563 488 712 538 Eutr.,·
752 487 949 528 Zonaras
978 501 1125 529 nomen
1154 501 1238 529 non
1257 487 1414 542 ponit),
1450 489 1548 544 imp.
1582 488 1778 531 Caesaris
1809 489 1856 532 P.
1887 490 2045 531 Licinii

335 557 507 610 Egnatii
553 554 737 598 Gallieni
787 554 920 597 frater
962 556 1033 597 vit.
1078 555 1261 597 Gallicn.
1297 559 1376 606 12,
1412 559 1450 600 1.
1489 560 1562 606 14,
1600 560 1648 607 9,
1690 557 1870 611 Eutrop.
1906 561 1945 608 9,
1979 560 2045 601 11.

337 623 497 666 Consul
535 624 691 664 iterum
732 623 973 665 ordinarius
1011 624 1155 678 (antea
1195 624 1326 678 iyitur
1365 625 1509 667 consul
1546 624 1767 676 suffectus,
1809 625 1872 667 vel
1901 638 2046 667 consu-

334 692 495 733 laribus
535 693 789 733 ornamentis
831 692 1019 743 ornatus)
1061 707 1098 734 a.
1133 693 1215 734 265
1257 707 1357 734 oum
1399 692 1566 735 Lueillo
1606 694 1676 735 vit.
1707 693 1890 736 Gallien.
1920 697 1990 744 12,
2021 696 2047 735 1

335 757 489 810 (locum
524 763 766 813 corruptum
803 761 987 801 restituit
1017 760 1171 816 Klein)
1203 762 1257 814 cf.
1288 761 1396 814 fasti
1425 762 1678 816 (iterationis
1706 764 1851 804 notam
1880 762 1925 803 in
1954 775 2048 804 con-

335 827 476 869 sulatu
506 827 698 869 exhibent
718 831 895 881 praeter
921 828 1028 870 alios
1049 828 1164 870 tituli
1193 829 1368 872 V3329.
1402 829 1594 872 V12809
1614 832 1653 871 et
1674 829 1899 872 laterculus
1919 843 2048 884 prac-

334 896 537 948 sectorum
565 896 684 937 urbis
715 910 783 950 ap.
816 896 955 940 chron.
989 897 1094 939 anni
1120 899 1212 947 354,
1256 897 1450 939 omittunt
1478 898 1585 950 fasti
1612 897 1816 948 nonnulli,
1852 910 1944 939 cum
1972 896 2052 938 alii

335 977 420 1017 pro
451 964 495 1005 Il
525 963 747 1005 exhibeant
779 964 831 1019 V,
875 965 992 1006 cuius
1032 965 1371 1018 interpolationis
1411 979 1541 1007 causa
1572 968 1750 1019 apparet
1783 965 1919 1019 fastos
1947 964 2049 1006 rele-

333 1031 471 1085 qenti;
505 1031 726 1085 praecedit
769 1033 877 1074 enim
908 1033 1061 1086 paullo
1106 1036 1203 1075 ante
1247 1033 1468 1075 Valeriani
1503 1034 1772 1087 imperatoris
1810 1033 2051 1075 consulatus

336 1099 540 1154 quartus).
601 1100 753 1142 Occiso
786 1100 984 1143 Gallieno
1016 1101 1072 1154 (a.
1102 1101 1203 1155 268)
1235 1102 1350 1143 eirea
1378 1101 1670 1143 Mediolanum
1710 1107 1753 1143 et
1786 1102 1878 1157 ipse
1908 1102 2050 1143 statim

336 1167 616 1223 interemptus
636 1169 706 1212 vit.
732 1168 915 1212 Gallien.
942 1172 1005 1219 14,
1028 1172 1066 1219 9,
1097 1169 1277 1223 Eutrop.
1299 1173 1338 1220 9,
1361 1173 1425 1219 11,
1457 1170 1618 1211 Romae
1650 1170 1814 1211 occisus
1844 1184 1870 1211 a
1899 1175 2052 1210 senatu

337 1236 441 1278 Zon.
472 1239 541 1286 12,
573 1239 630 1278 26
660 1237 939 1291 (propinquos
976 1237 1167 1280 Gallieni
1195 1238 1358 1280 Rornae
1398 1252 1425 1280 a
1463 1241 1611 1280 senatu
1651 1237 1709 1280 ael
1734 1240 1908 1279 mortem
1937 1239 2052 1279 actos

337 1317 421 1346 esse
449 1308 605 1346 narrat
635 1306 761 1347 etiam
802 1305 942 1347 Victor
969 1305 1087 1349 Caes.
1118 1305 1201 1360 33).
1233 1331 1289 1335 —
1323 1306 1595 1348 ‘Valerianus
1625 1306 1778 1358 iunior,
1811 1305 1896 1347 alia
1923 1319 2053 1361 quam

338 1371 561 1415 Gallienus
601 1379 736 1415 matre
776 1374 967 1428 genitus,
1010 1389 1036 1415 a
1074 1380 1196 1430 patre
1229 1374 1405 1416 absente
1437 1374 1597 1417 Caesar
1637 1379 1702 1415 est
1739 1372 1991 1430 appellatus,
2028 1388 2054 1414 a

336 1441 489 1495 fratre,
530 1447 579 1483 ut
607 1440 875 1483 Caelestinus
906 1442 1012 1484 dicit
1041 1442 1283 1496 Augustus'
1317 1443 1389 1486 vit.
1423 1441 1635 1484 Valerian.
1656 1444 1685 1484 8
1715 1442 1806 1496 (ubi
1825 1444 2054 1496 praeterea

337 1508 540 1550 nonnulla
570 1508 619 1550 de
640 1510 826 1551 moribus
856 1510 943 1551 eius
973 1513 1012 1552 et
1032 1510 1081 1552 cle
1104 1510 1335 1565 sepulcro),·
1366 1525 1463 1551 eum
1487 1509 1628 1551 ‘multi
1648 1508 1907 1563 Augustum,
1928 1508 2051 1551 multi

340 1576 578 1630 Caesarem,
601 1576 724 1619 multi
745 1583 947 1619 neutrum
968 1578 1101 1619 fuisse
1121 1578 1284 1620 dicunt‘
1308 1579 1379 1622 vit.
1405 1578 1586 1621 Gallien.
1610 1581 1674 1628 14,
1698 1581 1736 1620 9.
1783 1577 2055 1620 Valerianum

339 1644 538 1698 colleyani
551 1645 710 1687 Isucilli
723 1646 769 1687 in
785 1646 1005 1688 consulatu
1023 1661 1059 1689 a.
1073 1649 1158 1689 265
1164 1647 1384 1700 privatum
1399 1647 1529 1700 fuisse
1545 1646 1843 1688 demonstravit
1852 1644 2014 1688 Echhel
2028 1648 2064 1687 7>

339 1728 386 1767 p.
408 1716 573 1766 427seq.
622 1713 826 1756 Nummos
855 1715 1079 1768 inscriptos
1099 1714 1352 1758 Valerianus
1383 1730 1423 1771 p.
1446 1714 1474 1758 f.
1496 1714 1609 1769 Aug.
1632 1729 1660 1756 a
1679 1727 1943 1756 nummorum
1973 1714 2054 1756 col-

337 1781 559 1823 lectoribus
589 1785 768 1836 propter
800 1782 959 1824 vultum
992 1783 1262 1837 imperatoris
1301 1783 1520 1825 iuvenilem
1559 1782 1785 1826 Valeriano
1816 1782 1944 1837 patri
1980 1783 2054 1824 ab-

338 1850 523 1891 iudicari
552 1853 591 1892 et
618 1850 714 1892 huic
746 1851 879 1892 tribui
903 1851 1048 1893 solitos
1076 1851 1350 1893 nihilominus
1362 1852 1507 1906 patris
1526 1865 1611 1894 csse
1631 1851 1794 1893 iudicat
1809 1850 2056 1892 Feuarolent

340 1931 407 1971 ap.
447 1917 586 1960 Cohen
613 1918 673 1960 eol.
699 1922 731 1961 2
759 1919 837 1961 vol.
868 1922 895 1961 5
924 1934 972 1973 p.
1002 1922 1095 1963 538.
1152 1919 1357 1962 Fortasse
1395 1921 1442 1962 in
1475 1919 1542 1962 his
1579 1920 1761 1962 nummis
1790 1919 2057 1973 siqnificatur

345 1985 563 2027 Valeriani
590 2000 717 2040 nepos
741 1990 846 2029 natu
875 1989 1024 2038 maior,
1056 2002 1189 2042 supra
1217 2002 1258 2030 n.
1281 1992 1376 2032 124.

258 2054 336 2095 178
368 2060 468 2097 ΙΜΡ.
502 2060 695 2096 CAESAR
734 2062 775 2097 P.
806 2062 1022 2098 LICINIVS
1055 2063 1375 2098 VALERIANVS
1407 2062 1677 2100 AVGVSTVS.
1742 2055 1848 2098 Tria
1884 2055 2057 2098 nomina

341 2122 534 2164 eschibcnt
570 2123 685 2165 tituli
718 2125 954 2178 nummique
996 2125 1056 2178 (Γ.
1099 2125 1148 2167 Π.
1186 2125 1249 2167 vel
1287 2125 1385 2168 Που.
1425 2125 1487 2167 vel
1518 2124 1640 2181 Πουβ.
1671 2125 1756 2167 Λικ.
1789 2123 2057 2181 Οὐαλεριανός

341 2191 433 2247 Σεβ.
464 2191 527 2233 vel
556 2192 652 2247 Αὐγ.
682 2193 843 2234 nummi
873 2191 1058 2235 Nicaeni
1082 2208 1149 2247 ap.
1174 2194 1371 2236 Mionnet
1398 2193 1534 2247 suppl.
1567 2193 1608 2235 V
1622 2208 1668 2247 p.
1690 2195 1770 2235 156
1798 2207 1838 2236 n.
1859 2195 1940 2234 911
1959 2205 2055 2245 seq„

341 2260 412 2313 qui
442 2260 568 2301 etiam
595 2259 792 2302 Gallieno
823 2261 975 2315 duplex
1004 2261 1062 2304 Or
1088 2262 1136 2305 P.
1161 2276 1420 2315 praenomen
1450 2262 1682 2315 tribuunt)3
1712 2261 1906 2303 Licinius
1931 2258 2058 2302 Vale-

341 2328 487 2369 rianus
507 2327 647 2370 Victor
664 2327 798 2379 Caes„
824 2328 965 2370 Victor
980 2343 1055 2383 ep„
1077 2330 1274 2384 Eutrop.‚
1297 2336 1577 2385 cognomento
1595 2327 1797 2371 Colobius
1819 2327 1959 2371 Victor
1979 2341 2055 2382 ep„

342 2399 569 2450 praeterea
597 2395 869 2439 Valerianus.

430 2464 705 2507 ‘Parentibus
737 2471 854 2507 ortus
883 2465 1213 2522 splendissimis‚
1256 2466 1435 2508 stolidus
1466 2472 1610 2508 tamen
1642 2472 1683 2508 et
1709 2463 1894 2507 multum
1923 2465 2053 2505 iners‘

353 2532 492 2573 Victor
522 2546 582 2586 ep.
613 2536 682 2576 32.
742 2533 880 2575 Natus
910 2535 1025 2576 eirca
1054 2550 1091 2576 a.
1126 2535 1206 2577 193
1243 2535 1414 2587 (scilicet
1454 2548 1663 2576 annorum
1691 2534 1933 2587 seoeayinta,
1966 2547 2059 2576 cum

343 2604 403 2642 est
431 2601 661 2654 imperator
689 2601 844 2654 faetus)
874 2602 945 2644 vit.
978 2602 1191 2646 Valerian.
1212 2605 1260 2653 5,
1292 2606 1318 2645 1
1348 2603 1546 2657 (fortasse
1574 2605 1705 2653 reete,
1742 2601 1815 2644 sed
1843 2602 1898 2655 cf.
1937 2601 2059 2655 infra

343 2669 391 2710 sle
423 2669 626 2723 Malala).
677 2669 730 2712 A.
759 2670 840 2711 238
872 2671 957 2712 iam
996 2670 1232 2713 consularis
1265 2672 1328 2724 (ἐκ
1366 2675 1435 2714 τοῦ
1475 2674 1661 2713 ὑπατικοῦ
1690 2671 1887 2727 τάγματος
1917 2671 1971 2713 ὤν
2003 2694 2056 2699 —-

345 2736 486 2779 consul
522 2738 653 2791 iyitur
690 2736 890 2789 suffectus
930 2753 967 2780 a.
1010 2740 1091 2783 inc.
1133 2742 1230 2781 ante
1268 2740 1387 2794 238),
1434 2753 1529 2780 cum
1575 2739 1618 2779 in
1659 2737 1810 2780 Africa
1849 2737 2058 2781 Gordiani

345 2806 621 2861 imperatores
652 2804 753 2847 faeti
785 2813 939 2860 essent,
978 2821 1032 2848 ex
1062 2806 1212 2849 Africa
1242 2808 1423 2851 Romam
1453 2807 1638 2848 mittitur
1667 2805 1835 2860 legatus
1865 2805 2059 2848 Zosimus

344 2877 381 2924 1,
404 2876 480 2924 14,·
509 2888 547 2915 a.
571 2874 652 2915 238
671 2875 875 2930 princeps
897 2881 1070 2917 senatus
1096 2875 1259 2917 litteras
1281 2875 1598 2918 Gordianorum
1620 2874 1674 2916 de
1695 2873 1823 2916 rebus
1844 2874 1890 2915 in
1909 2872 2060 2915 Africa

343 2942 475 2996 gestis
506 2942 662 2997 accipit
689 2942 759 2985 vit.
790 2941 998 2985 Gordian.
1021 2947 1059 2994 9,
1083 2947 1119 2986 7.
1170 2943 1223 2986 A.
1246 2945 1325 2986 251
1360 2958 1458 2984 eum
1488 2944 1529 2984 in
1557 2943 1780 2999 procinctu
1802 2955 1901 2984 eum
1921 2941 2058 2983 Decio

347 3016 503 3064 ageret,
536 3025 562 3051 a
592 3015 743 3052 senatu
774 3025 926 3052 censor
956 3011 1115 3053 electus
1145 3013 1215 3053 vit.
1250 3011 1462 3055 Valerian.
1494 3014 1534 3061 5,
1554 3014 1593 3052 4.
1653 3009 1763 3052 Cum
1792 3008 2060 3052 Aemilianus

347 3093 373 3119 a
401 3077 526 3121 Gallo
566 3077 793 3120 defecisset
835 3078 890 3132 (a.
923 3079 1037 3133 253),
1080 3081 1235 3122 missus
1265 3095 1291 3122 a
1321 3079 1446 3123 Gallo
1488 3085 1536 3121 ut
1570 3079 1785 3120 exercitus
1817 3076 1984 3121 Galliae
2018 3081 2061 3117 et

350 3146 608 3189 Germaniae
648 3147 692 3187 in
733 3146 902 3188 Italiam
942 3147 1176 3190 adduceret
1212 3148 1307 3190 Zos.
1340 3151 1379 3198 1,
1409 3150 1478 3191 28.
1545 3147 1596 3188 In
1635 3146 1787 3188 Raetia
1826 3151 1868 3187 et
1901 3145 2059 3188 Norico

350 3215 493 3269 agenti
523 3215 578 3257 ab
609 3216 802 3257 exercitu
831 3217 1058 3271 imperium
1088 3217 1125 3257 ei
1157 3215 1349 3258 defertur
1368 3216 1548 3269 Eutrop.
1571 3218 1608 3265 9,
1633 3218 1669 3264 7,
1695 3221 1737 3255 ‘a
1757 3212 1964 3255 militibus
1985 3211 2059 3268 qui

350 3283 556 3325 contracti
587 3282 779 3339 undique
809 3283 925 3339 apud
955 3285 1127 3325 Raetias
1157 3283 1450 3326 morabantur'
1485 3283 1588 3326 Vict.
1619 3280 1734 3337 Caes,
1755 3283 1837 3332 325
1866 3281 1920 3334 cf.
1953 3280 2060 3323 Zon.

349 3355 418 3403 12,
440 3354 525 3403 22,·
554 3351 650 3395 Zos.
671 3355 710 3402 1,
732 3355 801 3395 28.
847 3352 1079 3406 Aliquanto
1101 3355 1197 3394 ante
1219 3352 1257 3394 (l.
1279 3355 1342 3395 22
1362 3351 1450 3394 Oct.
1471 3354 1560 3394 253
1580 3349 1851 3392 Valerianum
1872 3347 2060 3402 aynitum
