2202 3724
172 280 358 319 NONIVS
1036 277 1087 319 41
1097 279 1117 320 1
1793 282 1981 319 NONIVS

259 414 458 456 conscius
488 415 796 457 coniurationis
827 415 872 456 in
903 413 1062 458 Gaium
1093 414 1258 468 Ioseph.
1291 417 1377 457 ant.
1410 417 1476 465 19,
1506 418 1546 464 1,
1576 417 1642 464 13,
1684 420 1783 470 post
1811 413 1986 456 caedem

264 481 364 524 Gaii
395 498 422 524 a
452 482 680 526 Germanis
720 484 913 540 corporis
951 482 1202 526 custodibus
1236 490 1279 526 et
1317 484 1410 539 ipse
1451 484 1495 525 in
1525 482 1694 526 Palatio
1734 483 1900 525 occisus
1930 483 1986 524 ib.

262 564 296 593 e.
325 553 378 593 15
408 552 462 604 cf.
495 565 530 596 c.
556 555 625 594 13.
655 554 722 594 17.

173 617 229 661 96
261 618 310 662 Ρ.
332 618 537 674 (Nonius)
558 619 792 676 Asprenas,
825 619 1089 663 declamator
1109 620 1272 663 Seneca
1291 620 1435 663 rhetor
1447 621 1614 675 passim
1637 620 1705 675 (cf.
1728 619 1816 664 iud.
1840 619 1987 662 Kiess-

259 687 383 742 liuyii
402 702 451 742 p.
472 687 586 742 532).
623 712 672 718 -
714 688 841 731 Nihil
879 690 1044 731 omuino
1084 689 1182 731 huie
1215 689 1454 743 Asprenati
1491 703 1584 731 cum
1619 689 1832 743 Torquato
1870 702 1989 742 quem

260 755 504 810 adloquitur
534 756 747 799 Horatius
777 771 908 799 carm.
931 761 970 807 4,
1000 761 1036 808 7,
1068 760 1128 801 23
1156 760 1196 800 et
1225 772 1286 812 ep.
1308 761 1346 807 1,
1372 760 1412 808 5,
1442 761 1484 800 3.

173 824 228 867 97
260 823 359 879 (P.‘?
389 826 593 878 NONIVS)
625 831 884 868 ASPRENAS
926 832 1226 868 CAESIANVS:
1268 827 1358 868 eius
1395 839 1538 869 servus
1577 825 1791 882 Olympus
1831 825 1989 881 Aspre-

260 894 370 935 natis
400 893 600 936 Caesiani
630 893 912 950 dispensator,
944 895 1125 937 maritus
1155 894 1324 937 Noniae
1355 895 1403 938 P.
1433 894 1461 937 l.
1493 895 1666 937 Ionicae
1698 894 1766 937 VI
1782 897 1902 938 9356.

175 961 231 1003 98
262 961 485 1015 (NONIVS)
516 968 774 1005 ASPRENAS
807 969 1119 1005 CALPVRNIVS
1151 963 1445 1018 SER[R]ANVS
1471 963 1577 1017 (pro
1600 963 1777 1006 Serran-
1802 962 1989 1005 traditur

202 1025 206 1030 ’
260 1029 418 1073 Seran-
457 1031 520 1073 vel
560 1031 745 1086 Seiam),
786 1031 1048 1088 Calpurniae
1087 1038 1130 1074 et
1168 1031 1426 1087 Asprenatis
1470 1030 1670 1087 (consulis
1710 1046 1750 1075 a.
1784 1046 1831 1086 p.
1870 1031 1917 1074 G.
1950 1035 1986 1082 6,

260 1112 393 1153 supra
422 1113 464 1144 n.
496 1099 580 1153 93),
616 1099 746 1153 filius,
777 1100 829 1144 L.
859 1099 990 1142 Nonii
1020 1099 1277 1156 Asprenatis
1307 1099 1507 1155 (consulis
1538 1114 1578 1142 a.
1600 1115 1648 1154 p.
1679 1099 1725 1144 O.
1756 1103 1826 1150 29,
1857 1113 1990 1154 supra

259 1181 301 1209 n.
330 1166 400 1221 94)
431 1173 474 1210 et
503 1166 758 1224 Asprenatis
788 1167 1014 1224 Calpurnii
1043 1169 1254 1225 Torquati
1284 1167 1421 1210 frater
1450 1168 1519 1211 VI
1530 1172 1652 1212 1371.
1676 1193 1729 1198 —-
1749 1168 1842 1210 Aut
1865 1168 1991 1210 huius

261 1239 337 1278 aut
375 1236 464 1278 eius
499 1237 574 1290 qui
610 1237 799 1290 sequitur
833 1237 952 1292 filius
983 1236 1245 1293 Calpurnius
1274 1237 1520 1293 Asprenas,
1557 1236 1755 1280 Galatiae
1785 1251 1836 1279 ae
1867 1237 1990 1279 Pam-

259 1303 436 1360 phyliae
465 1319 492 1346 a
522 1304 665 1348 Galba
693 1306 965 1361 praepositus
998 1305 1097 1348 Tae.
1126 1305 1168 1348 h.
1201 1308 1242 1356 2,
1275 1309 1302 1348 9
1330 1306 1403 1360 (ef.
1434 1306 1511 1347 sub
1542 1305 1650 1359 hoc).

174 1373 230 1415 99
262 1372 356 1427 (cf.)
387 1374 591 1428 NONIVS)
621 1379 880 1416 ASPRENAS
924 1380 1236 1416 GALPVRNIVS
1277 1380 1573 1425 TORQVATVS
1610 1373 1849 1429 (Asprenas
1890 1373 1988 1416 Cal-

260 1442 441 1498 purnius
461 1442 708 1498 Torquatus
732 1441 802 1485 VI
802 1445 924 1493 1371,
947 1442 1198 1499 Asprenans
1220 1441 1484 1499 Calpurnius
1506 1442 1753 1498 Torquatus
1775 1442 1845 1484 VI
1855 1445 1991 1493 1370,-

253 1524 517 1566 praenomen
532 1524 583 1553 ex
593 1510 724 1561 Suet„
742 1511 797 1564 ef.
809 1511 962 1566 iufra),
979 1510 1244 1568 Calpurniae
1258 1517 1301 1553 et
1311 1511 1570 1568 Asprenatis
1579 1510 1780 1566 (consulis
1796 1525 1835 1553 a.
1839 1525 1888 1565 p.
1898 1509 1942 1553 G.
1951 1513 1989 1560 6,

259 1593 394 1634 supra
421 1594 463 1622 n.
486 1581 570 1630 93),
601 1579 728 1634 filius,
757 1579 808 1623 L.
831 1580 961 1622 Nonii
984 1579 1238 1636 Asprenatis
1260 1580 1460 1635 (consulis
1481 1594 1521 1622 a.
1536 1594 1582 1634 p.
1602 1579 1648 1622 O.
1670 1581 1745 1635 29)
1770 1584 1813 1620 et
1831 1578 1991 1634 Aspre-

262 1649 375 1691 natis
397 1647 623 1704 Calpurnii
646 1647 822 1691 Serrani
852 1647 959 1701 (eius
985 1649 1060 1703 qui
1075 1648 1315 1703 praeeedit)
1342 1648 1478 1691 frater
1507 1648 1577 1691 VI
1588 1651 1696 1690 1371
1721 1648 1776 1702 ef.
1797 1650 1919 1691 1370.
1938 1672 1990 1676 -

263 1717 313 1761 C.
343 1717 534 1760 Nonium
564 1716 854 1773 Asprenatem
891 1718 936 1759 in
971 1717 1073 1760 ludo
1104 1718 1261 1760 Troiae
1290 1717 1416 1774 lapsu
1446 1717 1717 1760 debilitatum
1748 1730 1879 1758 aureo
1910 1722 1992 1758 tor-

265 1801 350 1843 que
389 1785 571 1828 donavit
604 1785 832 1841 Augustus
876 1801 1118 1843 passusque
1161 1793 1226 1828 est
1268 1787 1410 1842 ipsum
1455 1792 1738 1842 posterosque
1781 1785 1989 1840 Torquati

261 1855 375 1897 ferre
404 1868 643 1909 cognomen
674 1854 789 1898 Suet.
820 1855 933 1910 Auq.
963 1859 1030 1906 43,
1062 1855 1172 1898 hune
1192 1858 1302 1910 puto
1331 1855 1591 1910 siquificans.
1652 1854 1695 1896 A
1732 1853 1779 1897 0.
1808 1853 1993 1897 Caesare

266 1927 306 1966 et
345 1924 446 1966 aliis
483 1923 698 1966 nobilibus
735 1927 878 1966 vetera
917 1924 1188 1978 familiarum
1226 1924 1414 1978 iusiquia
1455 1923 1655 1978 adempta
1693 1936 1779 1965 esse
1817 1925 1857 1965 et
1891 1922 1992 1964 Tor-

261 1995 389 2047 quato
409 1996 608 2047 torquem,
633 1996 791 2035 narrat
819 1992 1047 2036 Suetonius
1074 1992 1168 2036 Gal.
1190 1995 1245 2036 35
1272 1994 1456 2046 fortasse
1482 1993 1733 2047 siyuificans
1759 1991 1892 2042 huuc,·
1921 1991 1995 2033 secl

261 2062 315 2115 cf.
343 2075 477 2116 supra
514 2062 590 2104 sub
620 2061 679 2104 D.
709 2062 837 2104 Iunio
880 2061 1032 2105 Silano
1078 2062 1291 2116 Torquato
1331 2062 1381 2117 (Ι
1401 2060 1513 2108 558).
1582 2060 1778 2116 (Alienus
1818 2061 1872 2102 ab
1913 2060 1993 2102 hac

261 2130 433 2184 familia
463 2133 572 2184 puto
613 2130 852 2184 Torquatus
889 2144 1010 2184 quem
1050 2130 1295 2184 adloquitur
1324 2130 1536 2172 Horatius
1565 2143 1696 2171 earm.
1726 2131 1765 2179 4,
1799 2131 1836 2179 7,
1867 2131 1926 2172 23
1955 2131 1994 2170 et

266 2213 328 2253 ep.
360 2202 399 2248 1,
428 2201 468 2249 5,
495 2197 553 2252 9).
581 2223 640 2227 —
668 2198 739 2241 Ab
769 2199 846 2241 hoe
870 2202 980 2253 puto
1011 2199 1186 2241 oriundi
1215 2199 1264 2242 L.
1297 2199 1463 2241 Nonius
1494 2199 1741 2254 Torquatus
1772 2197 1992 2254 Asprenas

264 2265 415 2309 consul
444 2282 484 2309 a.
507 2267 564 2309 94
594 2267 732 2323 (iufra
751 2281 794 2310 u.
820 2266 934 2322 123),
967 2267 1215 2324 Torquatus
1236 2266 1458 2323 Asprenas
1490 2266 1640 2309 consul
1670 2282 1708 2310 a.
1740 2267 1824 2308 inc.
1856 2266 1994 2321 (iufra

261 2349 304 2376 n.
325 2338 441 2392 122),
474 2336 720 2392 Torquatus
750 2335 973 2392 Asprenas
1003 2335 1155 2378 consul
1185 2337 1340 2379 iterum
1368 2352 1406 2380 a.
1430 2337 1510 2379 128
1542 2337 1682 2391 (infra
1701 2350 1742 2378 u.
1759 2335 1874 2389 121).
1920 2334 1990 2376 Ab

261 2403 411 2446 horum
440 2408 551 2459 puto
595 2405 902 2459 Torquatorum
934 2420 1019 2448 uuo
1048 2405 1308 2460 amellatum
1336 2405 1542 2448 balneum
1573 2405 1784 2461 Torquati
1815 2404 1992 2458 regione

263 2471 384 2515 urbis
414 2474 555 2530 prima
586 2473 686 2519 Not.
716 2475 838 2517 urbis
865 2475 1043 2517 Romae.

180 2541 263 2583 100
292 2546 477 2583 NONIVS
517 2548 767 2584 ATTIANVS
808 2543 998 2585 famosus
1042 2542 1124 2586 sub
1166 2542 1339 2585 Nerone
1379 2542 1565 2597 delator,
1607 2558 1646 2585 a.
1678 2542 1733 2585 70
1768 2543 1813 2584 in
1843 2547 1994 2583 senatu

265 2608 366 2654 Tae.
396 2609 437 2652 h.
467 2613 506 2660 4,
537 2614 604 2653 41.

181 2678 260 2721 101
293 2684 476 2721 NONIVS
514 2686 707 2721 BALBVS
748 2679 948 2723 tribunus
988 2680 1128 2737 plebis
1170 2696 1208 2723 a.
1242 2681 1324 2724 722
1369 2680 1458 2723 Dio
1495 2683 1563 2731 50,
1603 2685 1647 2724 2.
1717 2680 1808 2722 Aut
1848 2681 1885 2722 is
1924 2680 1996 2732 qui

264 2748 452 2802 sequitur
482 2751 559 2790 aut
578 2751 710 2802 pater
739 2749 840 2791 eius.

181 2816 262 2858 102
292 2822 346 2858 Μ.
386 2822 571 2859 NONIVS
614 2823 821 2860 BALBVS.
896 2817 1030 2860 Tituli
1072 2818 1412 2861 Herculanenses
1455 2817 1592 2860 decem
1629 2817 1678 2860 X
1709 2819 1993 2866 1425-1434,

264 2885 402 2938 positi
427 2898 538 2927 unus
562 2885 611 2928 X
626 2888 739 2928 1425
771 2887 824 2928 ab
856 2887 949 2941 ipso
979 2885 1051 2941 (1),
1085 2886 1165 2928 alii
1182 2886 1231 2929 X
1248 2889 1509 2930 1426—1428
1533 2887 1586 2928 ab
1608 2885 1996 2928 Herezclaueusibus

268 2953 327 3008 (2.
356 2956 396 2995 3.
426 2952 482 3006 4),
511 2967 621 2996 uuus
645 2954 694 2996 X
711 2957 824 2997 1429
856 2969 884 2996 a
915 2954 1146 2997 Nucerinis
1172 2954 1249 3009 (5),
1283 2958 1366 2997 tres
1384 2955 1433 2997 X
1448 2957 1704 2997 1430-1432
1734 2968 1761 2995 a
1790 2953 1999 2995 communi

269 3020 528 3064 Oretensium
548 3023 604 3076 (6.
629 3025 665 3064 7.
687 3022 744 3077 8),
777 3023 936 3076 reliqui
952 3023 1001 3065 X
1017 3026 1135 3066 1433.
1156 3026 1264 3065 1434
1284 3038 1311 3065 a
1332 3023 1574 3065 civitatibus
1596 3022 1746 3065 Cretae
1768 3023 1823 3076 (9.
1844 3021 1925 3074 10).

353 3089 412 3131 M.
434 3090 602 3132 Nonius
626 3090 792 3133 Balbus
824 3095 852 3135 t.
876 3094 977 3135 1—5.
998 3095 1025 3134 9
1046 3091 1252 3147 (idemque
1281 3093 1366 3146 fuit
1396 3093 1523 3134 etiam
1553 3095 1581 3133 t.
1601 3094 1703 3133 6-8.
1724 3092 1806 3145 10),
1834 3089 1996 3132 Balbus

269 3158 385 3200 tituli
425 3159 578 3200 matris
617 3162 657 3201 et
683 3160 834 3202 uxoris
861 3160 910 3202 X
937 3163 1199 3204 1435-1437.
1237 3164 1350 3203 1440.
1411 3160 1591 3214 Origine
1621 3160 1866 3202 Nucerinus
1897 3162 1925 3200 t.
1955 3161 1995 3209 5,

269 3225 328 3267 M.
361 3224 390 3268 f.
423 3228 450 3270 t.
480 3229 579 3269 1-5.
612 3230 650 3269 7.
682 3230 721 3269 9.
753 3231 819 3270 10.
871 3229 1002 3270 Pater
1027 3229 1088 3271 M.
1109 3229 1277 3271 Nonius
1307 3229 1367 3270 M.
1399 3229 1428 3271 f.
1460 3228 1624 3271 Balbus
1644 3228 1693 3270 X
1711 3231 1827 3278 1439,
1858 3234 1996 3270 mater

271 3293 438 3336 Viciria
475 3294 530 3337 A.
571 3294 602 3338 f.
641 3295 827 3338 Arehais
856 3297 906 3339 X
931 3300 1051 3339 1440.
1077 3322 1130 3326 —-
1163 3298 1343 3339 Praetor
1374 3301 1402 3339 t.
1432 3301 1536 3340 2-4.
1567 3301 1698 3340 7—10.
1759 3295 1996 3338 Proconsul

275 3365 303 3404 t.
334 3365 462 3414 1-10,
504 3362 661 3407 Cretae
691 3370 734 3406 et
763 3363 1047 3420 Cyrenarum,
1090 3369 1139 3407 ut
1171 3365 1428 3420 intelleyitur
1458 3380 1509 3408 ex
1538 3369 1566 3409 t.
1597 3369 1724 3408 6-10.
1786 3364 1994 3408 Hercula-
