2202 3724
261 299 426 336 IVLIVS
1123 287 1204 329 178
1893 291 2057 327 IVLIVS

345 431 373 470 t.
402 430 441 478 1,
465 428 691 481 praeterea
719 424 892 465 Drusus
923 421 1084 464 Caesar
1113 420 1176 462 vel
1204 420 1389 463 Drusus.
1451 419 1593 462 Natus
1621 418 1784 462 videtur
1814 434 1856 463 a.
1876 435 1924 475 p.
1953 420 2057 463 Chr.

348 499 376 538 7
400 494 463 537 vel
492 496 540 543 8,
572 494 751 547 propter
792 504 949 532 annum
989 492 1109 544 toyae
1147 488 1285 530 virilis
1325 486 1396 541 (ef.
1431 488 1582 544 infra),
1623 491 1731 530 certe
1766 502 1851 531 non
1879 492 1981 543 post
2020 489 2059 531 k.

346 562 484 606 Iulias
515 561 619 603 anni
645 562 673 601 8
701 558 772 612 (ef.
800 557 988 609 V6416).
1038 557 1205 611 Togam
1234 555 1404 598 virilem
1434 557 1615 612 sumpsit
1643 557 1818 598 ineunte
1847 571 1960 599 anno
1990 558 2058 612 23,

349 630 498 673 eadem
533 630 570 671 ei
603 628 776 670 decreta
806 641 917 682 quae
946 625 1108 667 Neroni
1139 625 1262 666 fratri
1303 623 1375 678 (cf.
1407 624 1487 666 sub
1517 624 1689 667 Nerone
1715 624 1825 667 Iulio
1857 623 2060 679 Caesare)

353 699 450 742 Tae.
474 712 512 741 a.
536 701 575 747 4,
596 700 645 747 4,·
675 695 943 749 congiarium
972 692 1087 749 plebi
1118 692 1238 734 dedit
1268 692 1384 735 Suet.
1411 692 1501 734 Tib.
1532 694 1597 736 54.
1654 692 1819 734 Eodem
1849 707 1961 735 anno
1992 692 2061 735 de-

349 767 494 809 functo
525 765 670 807 Druso
701 763 864 806 Tiberii
903 761 990 804 filio
1031 761 1198 803 senatui
1239 760 1562 802 commendatur
1591 775 1617 802 a
1645 760 1819 803 Tiberio
1850 776 1938 804 una
1966 776 2063 804 cum

347 835 521 877 Nerone
549 833 683 875 fratre
719 831 816 873 Tae.
849 845 887 872 a.
918 834 957 880 4,
985 832 1026 880 8,
1059 829 1174 872 Suet.
1212 829 1302 871 Tib.
1332 831 1397 879 54,
1431 829 1535 871 Zon.
1567 832 1633 879 11,
1664 832 1705 872 2.
1769 830 1997 886 Desponsa
2025 830 2064 871 ei

348 903 399 946 L.
432 901 566 945 Salvii
598 900 781 942 Othonis
814 898 1019 953 (consulis
1048 913 1086 940 a.
1107 898 1180 951 33)
1211 897 1301 939 filia
1338 897 1530 939 nondum
1559 896 1720 940 nubilis
1751 897 1867 941 Suet.
1898 897 2005 942 Otho
2024 900 2062 940 1.

348 971 401 1015 A.
432 972 488 1013 24
525 975 626 1011 vota
663 982 740 1024 pro
780 981 828 1009 eo
870 973 911 1008 et
940 966 1112 1008 Nerone
1152 965 1286 1007 fratre
1326 971 1546 1021 suscepta,
1588 965 1704 1022 quod
1742 966 2006 1022 prohibitum
2040 982 2067 1009 a

349 1039 525 1082 Tiberio
562 1038 658 1080 Tac.
682 1051 721 1080 a.
742 1039 780 1086 4,
803 1039 870 1086 17,
903 1034 1018 1078 Suet.
1046 1034 1138 1076 Tib.
1158 1036 1223 1077 54.
1280 1032 1333 1079 Α.
1365 1034 1420 1076 25
1460 1033 1702 1090 praefectus
1732 1034 1830 1077 urbi
1859 1035 2067 1077 feriarum

350 1109 603 1150 Latinarum
639 1105 735 1148 Tac,
768 1118 807 1147 a.
837 1107 875 1154 4,
907 1106 961 1145 36
970 1116 983 1154 ;
1013 1105 1041 1147 t.
1071 1105 1110 1145 3.
1170 1102 1376 1144 Pontifex
1417 1105 1444 1145 t.
1476 1105 1507 1145 2
1541 1102 1698 1157 (augur
1726 1102 1843 1146 Suet.
1871 1102 1964 1148 Cal.
1993 1107 2064 1154 12,

351 1190 491 1219 errore
512 1175 662 1229 put0);
693 1171 851 1214 sodalis
872 1170 1124 1226 Augustalis
1146 1174 1174 1213 t.
1195 1174 1234 1215 3.
1284 1171 1456 1213 Duovir
1485 1171 1817 1227 quinquennalis
1838 1171 2070 1214 Praeneste

350 1244 429 1287 XI
434 1242 597 1286 172965
627 1242 681 1295 ef.
711 1243 831 1289 3017,
872 1240 1056 1281 Formiis
1086 1239 1132 1281 X
1160 1242 1287 1290 6101,
1328 1239 1493 1281 Hastae
1533 1239 1705 1290 V7567,
1738 1239 2070 1296 quinquennalis

350 1313 505 1355 Uticae
533 1310 694 1352 nummi
723 1323 792 1363 ap.
818 1307 1096 1363 Boryhesium
1128 1322 1219 1362 opp.
1241 1311 1266 1350 1
1288 1322 1335 1361 p.
1356 1311 1437 1349 474
1458 1307 1512 1361 ef.
1528 1322 1576 1362 p.
1597 1311 1690 1361 490,
1714 1307 1868 1350 duovir
1893 1307 2070 1351 Caesar-

353 1386 561 1434 augustae
590 1378 750 1420 nummi
780 1391 848 1431 ap.
879 1376 1039 1418 Eelchel
1067 1379 1093 1418 6
1118 1390 1164 1430 p.
1196 1378 1283 1419 217
1320 1378 1360 1418 εῖ
1387 1375 1515 1418 Heiss
1552 1376 1768 1418 monnaies
1802 1377 1993 1430 antiques
2022 1376 2072 1419 de

353 1448 581 1502 l'Espayne
607 1461 649 1500 p.
680 1448 764 1489 205
793 1459 835 1487 n.
865 1447 930 1488 51.
957 1447 1028 1495 52,
1060 1443 1394 1500 quinquennalis
1417 1443 1679 1499 Carthagine
1704 1459 1818 1487 nova
1836 1445 1892 1487 ib.
1915 1460 1965 1500 p.
1985 1449 2071 1489 271

351 1531 392 1560 n.
413 1519 483 1560 28.
514 1518 584 1559 29.
640 1514 793 1557 Comes
825 1514 914 1555 eius
946 1513 993 1555 P.
1024 1512 1219 1554 Plautius
1250 1511 1438 1554 Pulcher
1458 1512 1538 1554 XI
1543 1512 1715 1555 V3607.
1760 1512 1801 1555 A
1824 1513 1980 1556 Seiano
2010 1514 2072 1555 in-

354 1586 536 1639 stigatur
558 1583 603 1624 in
619 1582 834 1624 Neronem
856 1580 1033 1622 fratrem
1049 1580 1146 1623 Tae.
1164 1594 1204 1622 α.
1218 1584 1257 1631 4,
1281 1583 1347 1622 60.
1378 1581 1430 1622 In
1450 1581 1769 1638 matrimonium
1789 1581 1910 1624 ducit
1927 1581 2074 1625 Aemi·
2113 1584 2116 1586 ’

352 1652 456 1695 liam
475 1650 686 1706 Lepidam
708 1650 804 1693 Tae.
828 1664 867 1691 a.
889 1652 926 1699 6,
948 1652 1002 1690 40
1024 1649 1078 1702 ef.
1101 1648 1169 1690 VI
1180 1651 1300 1692 9449.
1341 1648 1408 1690 Ea
1437 1654 1612 1691 auctore
1633 1649 1790 1692 Seiano
1820 1649 2074 1693 criminibus

355 1734 453 1762 eum
473 1720 707 1761 insectatur
738 1718 835 1760 Tae.
858 1731 898 1759 a.
921 1720 960 1767 6,
980 1720 1059 1768 40,·
1086 1716 1174 1758 Dio
1195 1718 1264 1767 58,
1285 1719 1324 1760 3.
1385 1716 1653 1759 Criminante
1681 1717 1856 1760 Tiberio
1886 1718 2020 1762 hostis
2050 1733 2077 1760 a

356 1794 507 1830 senatu
537 1786 749 1828 iudicatus
780 1785 896 1828 Suet.
933 1785 1119 1835 Tib..54‚
1158 1783 1251 1828 Cal.
1285 1787 1320 1827 7.
1380 1783 1588 1827 Custodia
1623 1784 1797 1828 habitus
1833 1786 1879 1827 in
1908 1785 2075 1828 Palatio

363 1857 461 1899 Tae.
484 1870 523 1899 a.
546 1858 583 1905 6,
604 1856 673 1897 23.
723 1853 917 1895 Macroni
948 1853 1272 1908 praescriptum,
1304 1852 1339 1894 si
1372 1867 1493 1895 arma
1522 1869 1548 1895 a
1579 1853 1734 1896 Seiano
1765 1860 2078 1910 temptarentur

360 1925 509 1979 (mens,
533 1923 629 1966 Oct.
650 1923 735 1976 31),
761 1921 987 1964 extrahere
1007 1922 1200 1964 Drusum
1221 1921 1417 1964 custodia
1437 1928 1479 1963 et
1504 1921 1658 1964 ducem
1677 1922 1835 1979 populo
1860 1923 2079 1979 imponere

365 1993 462 2036 Tae.
486 2006 523 2036 a.
554 1994 591 2041 6,
612 1993 681 2041 23,
715 1990 830 2032 διιεῖ.
857 1990 949 2033 Tib.
974 1993 1037 2041 65,
1068 1989 1156 2031 Dio
1176 1991 1246 2040 58,
1267 1992 1331 2032 13.
1386 1989 1552 2032 Eodem
1580 2005 1694 2033 anno
1723 1997 1888 2033 mortuo
1921 1991 2078 2035 Seiano

359 2061 553 2104 Drusum
584 2074 630 2100 se
656 2073 748 2101 esse
767 2058 924 2115 aliquis
943 2059 1147 2100 mentitus
1172 2057 1382 2100 Achaiam
1403 2065 1446 2101 et
1464 2058 1615 2101 Asiam
1641 2060 1885 2115 provincias
1905 2059 2081 2103 turbare

359 2129 583 2185 temptavit
599 2128 696 2170 Tae.
715 2141 754 2171 a.
771 2130 810 2178 5,
825 2130 878 2170 10
900 2127 971 2182 (ef.
986 2126 1074 2169 Dio
1089 2129 1156 2178 58,
1173 2129 1231 2170 25
1251 2126 1378 2182 [Zon.
1394 2131 1458 2178 11,
1475 2127 1523 2182 3]
1538 2128 1611 2182 qui
1629 2127 1801 2171 eandem
1820 2142 1908 2171 rem
1926 2132 2082 2172 narrat

358 2200 521 2239 mortuo
541 2195 685 2238 Druso
708 2195 909 2238 accidisse
929 2196 1004 2237 sub
1028 2210 1067 2237 a.
1083 2197 1149 2246 35,
1172 2195 1369 2250 additque
1383 2195 1574 2238 Drusum
1593 2196 1714 2239 dlum
1733 2196 1893 2251 falsum
1913 2200 2081 2252 captum

362 2269 402 2309 et
422 2265 479 2308 ad
502 2264 716 2308 Tiberium
737 2264 989 2318 perductum
1011 2266 1126 2320 esse).
1174 2263 1228 2307 A.
1250 2265 1305 2306 33
1326 2263 1440 2307 fame
1470 2265 1739 2319 extinguitur
1767 2266 1813 2307 in
1843 2266 1929 2308 ima
1957 2272 2082 2322 parte

362 2332 516 2375 Palatii
552 2333 649 2376 Tae.
683 2347 723 2376 a.
755 2336 793 2383 6,
814 2335 884 2383 23,
918 2332 1033 2376 διιεῖ.
1069 2332 1161 2375 Tib.
1191 2335 1256 2377 54.
1285 2336 1349 2384 61,
1380 2332 1469 2375 Dio
1497 2336 1565 2384 58,
1594 2337 1668 2377 22.
1728 2332 1952 2390 Reliquiae
1988 2335 2080 2377 eius

362 2402 580 2458 dispersae
611 2401 725 2444 Suet.
762 2401 853 2444 Tib.
883 2403 938 2443 54
976 2400 1232 2455 (occultatae
1261 2400 1349 2443 Dio
1377 2404 1444 2452 58,
1472 2405 1536 2445 22
1544 2415 1558 2453 ,·
1598 2416 1695 2444 ossa
1733 2403 1824 2444 eius
1859 2407 1902 2444 et
1935 2401 2080 2444 fratris

360 2470 544 2512 Neronis
579 2484 605 2511 a
635 2468 682 2511 C.
715 2468 902 2511 Caesare
939 2470 1122 2511 Romam
1160 2468 1296 2511 relata
1325 2469 1413 2512 Dio
1441 2472 1509 2521 59,
1541 2473 1580 2521 3,
1613 2469 1662 2512 de
1690 2469 1768 2512 hoe
1797 2471 1978 2526 errans).
2027 2471 2081 2513 In

362 2544 577 2580 mortuum
598 2537 798 2580 Tiberius
829 2539 1048 2591 invectus3
1079 2537 1195 2580 dicta
1215 2536 1270 2579 ab
1291 2552 1340 2580 eo
1362 2538 1407 2580 in
1429 2552 1602 2580 carcere
1632 2537 1832 2595 factaque
1859 2539 1904 2581 in
1930 2545 2082 2582 senatu

363 2606 543 2647 recitata
578 2606 675 2648 Tae.
699 2619 738 2647 a.
760 2609 798 2656 6,
820 2608 878 2649 24
907 2606 961 2659 ef.
993 2605 1082 2648 Dio
1100 2608 1169 2656 58,
1191 2607 1262 2649 25.
1301 2605 1616 2662 Cenotaphium
1647 2607 1686 2648 ei
1716 2606 1879 2649 factum
1907 2608 1954 2649 in
1981 2608 2082 2650 vico

368 2674 553 2731 quodam
582 2673 759 2730 Alpium
790 2674 832 2716 V
850 2677 960 2717 4953
997 2673 1073 2729 (ad
1112 2674 1291 2716 alterum
1319 2673 1477 2725 Drusi,
1521 2677 1597 2716 aut
1638 2674 1697 2716 ad
1729 2675 1867 2717 simile
1897 2674 2083 2718 Neronis

365 2742 654 2797 cenotaphium
667 2743 856 2798 pertinet
874 2742 1022 2785 titulus
1040 2741 1213 2784 mutilus
1231 2743 1277 2784 in
1298 2742 1441 2785 eadem
1459 2743 1628 2797 reyione
1648 2746 1851 2797 repertus,
1884 2757 1953 2798 ap.
1975 2742 2084 2786 Pais

366 2825 406 2854 n.
435 2813 549 2866 720).
610 2810 661 2855 Α.
693 2810 747 2853 37
778 2809 949 2866 publice
992 2811 1030 2852 ei
1070 2816 1212 2852 statua
1240 2811 1379 2866 posita
1406 2809 1522 2853 Suet.
1549 2809 1706 2855 Claud.
1729 2814 1766 2854 9.
1827 2810 2083 2855 Celebratur

365 2879 411 2920 in
439 2879 625 2921 nummis
656 2879 769 2921 cusis
800 2878 880 2922 sub
911 2877 960 2922 C.
993 2878 1178 2922 Caesare
1207 2878 1368 2921 Eckhel
1386 2881 1412 2921 6
1432 2893 1478 2933 10.
1500 2882 1598 2923 217.

282 2947 363 2990 146
393 2952 715 2989 GERMANICVS
755 2953 924 2990 IVLIVS
965 2953 1160 2989 CAESAR
1197 2946 1382 2988 Neronis
1414 2946 1586 2990 Claudii
1624 2947 1759 2989 Drusi
1797 2947 1850 3002 f.,
1892 2946 2083 2991 Antonia

361 3015 526 3056 minore
555 3021 682 3057 natus
710 3014 825 3059 Suet.
854 3014 946 3058 Gal.
967 3018 1005 3065 1,
1032 3030 1070 3058 a.
1092 3014 1132 3056 d.
1153 3014 1265 3056 VIII
1290 3013 1378 3057 kal.
1409 3015 1504 3057 Iun.
1536 3017 1617 3057 act.
1639 3014 1744 3058 Arv.
1778 3030 1818 3058 a.
1838 3017 1908 3067 38,
1939 3031 1977 3058 a.
2000 3015 2084 3060 739

367 3088 526 3138 (nempe
565 3082 783 3136 defunctus
823 3096 980 3124 annum
1015 3095 1142 3137 agens
1172 3084 1368 3136 quartum
1397 3085 1437 3124 et
1465 3082 1735 3136 trigesimum,
1767 3082 1883 3126 διιεῖ.
1912 3082 2006 3126 Gal.
2026 3083 2084 3139 1).

367 3150 479 3193 Ante
509 3150 774 3205 adoptionem
804 3150 1015 3193 Neronem
1041 3149 1273 3193 Claudium
1304 3149 1604 3192 Germanicum
1633 3150 1788 3192 dietum
1818 3151 1950 3204 fuisse
1980 3165 2085 3206 pro-

370 3218 508 3261 babile
538 3221 610 3270 est,
645 3219 698 3272 ef.
724 3219 959 3262 Mommsen
985 3218 1130 3261 Herm.
1158 3221 1212 3261 13
1230 3233 1279 3273 p.
1301 3221 1390 3262 262
1417 3221 1502 3260 not.
1532 3221 1571 3261 3.
1632 3218 1775 3274 (Quod
1799 3218 1846 3261 in
1875 3218 2086 3263 codicibus

369 3286 696 3330 Phaenomenon
723 3287 868 3338 Arati,
908 3302 1014 3342 quae
1044 3290 1146 3342 post
1185 3286 1448 3341 adoptionem
1484 3287 1538 3329 ab
1570 3300 1616 3329 eo
1646 3286 1760 3329 edita
1789 3299 1874 3330 esse
1908 3290 2082 3339 constat,

370 3354 525 3397 dieitur
545 3354 753 3398 Claudius
782 3355 955 3407 Caesar,
977 3355 1171 3398 librariis
1190 3354 1455 3398 tribuendum
1475 3357 1565 3412 est).
1598 3353 1843 3411 Adoptatus
1863 3369 1890 3397 a
1908 3354 2084 3398 Tiberio
