2190 3724
259 297 506 338 FONTEIVS
1137 290 1192 336 86
1817 296 2064 338 FONTEIVS

346 446 373 473 a
402 431 580 473 Fonteio
610 430 808 484 Ayrippa
839 429 1092 484 proconsule
1121 429 1254 472 Asiae
1291 443 1375 472 non
1417 433 1595 481 eertum,
1632 430 1706 472 sed
1725 430 1951 485 probabile
1980 431 2069 486 est).

346 500 531 543 Curator
560 513 769 554 aquarum
799 498 854 540 ab
884 513 920 540 a.
943 499 998 540 66
1028 496 1084 539 ad
1114 513 1150 540 a.
1174 498 1227 540 68
1249 497 1487 540 Frontinus
1516 498 1566 541 cle
1596 513 1662 552 aq.
1684 502 1782 543 102.
1833 499 2070 542 Proconsul

344 569 474 610 Asiae
506 583 542 609 a.
565 568 618 610 68
650 567 746 609 Tae.
774 566 870 610 hist.
900 569 940 616 3,
966 569 1043 617 46,·
1074 566 1127 619 ef.
1161 569 1188 610 t.
1210 566 1420 620 Ephesius
1449 568 1538 609 III
1557 570 1678 609 6083.
1730 567 1919 609 Moesiae
1948 582 2069 624 prae-

345 638 508 692 positus
530 651 567 678 a.
583 636 638 677 69
660 635 757 678 Tae.
780 634 806 676 l.
828 647 886 685 e.,·
916 635 971 688 ef.
993 634 1200 676 Iordanes
1217 634 1311 677 Get.
1328 638 1392 686 13,
1417 638 1481 680 76.
1514 634 1624 677 Cum
1641 636 1850 679 Sarmatis
1871 649 2069 692 pugnans

347 704 556 745 occiditur
584 703 787 757 Iosephus
819 702 911 744 bell.
935 706 972 753 7,
994 706 1032 753 4,
1054 706 1093 746 3.
1887 698 1894 701 ’

261 773 345 815 310
374 778 623 813 FONTEIVS
657 777 834 812 CAPITO
866 770 1016 813 consul
1047 771 1291 813 ordinarius
1322 787 1360 814 a.
1384 772 1438 814 67
1471 787 1570 814 cum
1599 773 1650 814 L.
1683 772 1791 814 Iulio
1823 772 1935 815 Rufo
1965 773 2072 826 fasti

344 840 516 896 (Capito
545 839 689 893 2⁹1thOE
715 839 974 894 „omnimodum
995 839 1132 893 periit
1162 840 1208 881 in
1239 843 1266 883 t.
1297 840 1346 882 X
1369 842 1490 890 5405,
1519 854 1650 894 neque
1681 840 1790 882 alibi
1816 840 1864 882 id
1882 842 2071 894 positum

343 909 599 959 invenimus,·
628 907 761 961 plane
802 902 998 949 omiSsum
1035 921 1185 950 nomen
1225 911 1284 950 est
1313 909 1359 950 in
1388 909 1516 962 fastis
1546 908 1614 951 VI
1633 911 1742 951 8639
1774 928 1828 943 z
1860 908 1926 951 VI
1949 912 2068 960 6637,

343 977 392 1019 (le
411 991 497 1030 qua
514 991 561 1018 re
581 976 635 1030 cf.
657 976 810 1030 infra).
855 976 941 1018 Hie
967 976 1150 1030 fortasse
1181 977 1389 1018 Fonteius
1411 991 1496 1032 quo
1519 976 1693 1018 consule
1719 983 1844 1018 natus
1865 976 2071 1019 Calvinus

343 1045 563 1087 Iuvenalis
595 1045 757 1087 amicus
779 1044 968 1088 Juvenal.
990 1047 1055 1094 13,
1079 1048 1134 1086 17
1159 1047 1220 1096 (ut
1248 1045 1398 1086 statuit
1417 1044 1677 1099 Boryltesius
1698 1059 1791 1099 opp.
1808 1047 1835 1087 5
1845 1059 1894 1099 p.
1913 1044 1994 1098 75).
2018 1070 2070 1076 -

342 1114 532 1168 Legatus
564 1113 824 1157 Germaniae
851 1112 1088 1166 inferioris,
1126 1128 1163 1154 a.
1196 1113 1249 1155 68
1280 1112 1439 1155 Iulium
1470 1112 1655 1155 Paulum
1687 1113 1794 1155 salso
1826 1112 2071 1155 rebellionis
2106 1133 2114 1140 =

343 1183 521 1223 crimine
562 1181 766 1223 interficit
805 1181 902 1223 Tae.
934 1180 973 1224 lt.
1004 1184 1043 1231 4,
1075 1184 1140 1222 13.
1202 1181 1360 1223 Sordes
1402 1188 1444 1222 et
1483 1182 1667 1223 avaritia
1703 1182 1794 1223 eius
1834 1182 1891 1223 il).
1922 1185 1961 1232 1,
1991 1184 2073 1232 52,-

345 1250 621 1292 nihilominus
650 1249 861 1292 militibus
891 1255 1041 1303 gratus
1071 1249 1127 1293 il).
1149 1252 1188 1299 1,
1209 1252 1276 1292 58.
1338 1248 1524 1293 Galbam
1562 1250 1798 1291 contemnit
1826 1249 1915 1292 Dio
1945 1253 2010 1300 64,
2041 1253 2073 1293 2

345 1319 400 1373 (si
419 1318 584 1373 quidem
602 1318 670 1359 hie
697 1317 849 1372 Capito
866 1316 1162 1371 siynifieatui).
1196 1316 1367 1359 Crimen
1390 1333 1440 1359 ac
1462 1333 1563 1359 mox
1584 1318 1765 1359 insidiae
1786 1316 1829 1359 ei*
1846 1324 2074 1360 struuntur

343 1402 369 1428 a
399 1386 510 1429 Iulio
536 1387 741 1429 Burdone
771 1385 987 1442 praefecto
1019 1385 1166 1427 classis
1196 1387 1481 1429 Germanicae
1507 1387 1605 1430 Tac.
1632 1386 1728 1430 laist.
1754 1389 1793 1436 1,
1814 1388 1880 1428 58.
1926 1386 2072 1429 Novas

344 1471 413 1497 res
452 1455 632 1497 moliens
672 1454 928 1497 interficitur
967 1469 993 1495 a
1028 1453 1229 1496 Cornelio
1261 1454 1435 1510 Aquino
1466 1461 1508 1496 et
1537 1453 1673 1496 Fabio
1705 1453 1890 1497 Valente
1918 1453 2072 1508 legatis

342 1523 558 1578 legionum
587 1524 645 1565 ib.
666 1527 704 1574 1,
733 1526 762 1564 7
789 1523 842 1576 es.
876 1536 909 1566 e.
925 1525 964 1566 8.
986 1525 1043 1563 37
1051 1535 1064 1573 ,·
1091 1525 1130 1572 3,
1157 1525 1239 1574 62;
1267 1522 1386 1564 Plut.
1417 1522 1543 1566 Gall).
1575 1525 1628 1564 15
1638 1536 1651 1573 ,·
1694 1522 1810 1565 Suet.
1845 1521 1973 1567 Galo.
2004 1526 2069 1574 11,

344 1598 542 1648 patrante
584 1591 757 1634 caedem
798 1590 996 1646 Crispino
1039 1591 1291 1632 centurione
1338 1591 1435 1634 Tae.
1472 1591 1566 1632 hist.
1603 1594 1641 1642 1,
1673 1593 1740 1632 58.
1812 1590 1898 1633 Hic
1937 1591 2073 1632 exitus

345 1674 475 1702 eausa
514 1660 644 1714 fuisse
680 1659 857 1710 videtur,
900 1658 1010 1712 quod
1045 1672 1196 1700 nomen
1236 1659 1325 1700 eius
1365 1660 1562 1701 omissum
1591 1662 1651 1701 est
1680 1659 1756 1700 ubi
1782 1659 1893 1712 poni
1917 1658 2071 1709 debuit,

344 1730 420 1770 sub
453 1743 566 1770 anno
585 1731 651 1779 67,
682 1729 728 1770 in
750 1728 877 1781 fastis
900 1727 1070 1780 seriptis
1098 1741 1183 1769 non
1211 1727 1342 1769 multo
1364 1731 1515 1781 postea
1543 1727 1591 1769 X
1609 1730 1717 1773 6637
1744 1727 1815 1782 (ef.
1838 1727 2074 1769 Mommsen

345 1797 371 1840 l.
403 1800 467 1854 e.).
501 1822 550 1827 —
582 1796 726 1838 Filius
755 1797 937 1850 fortasse
977 1796 1065 1836 eius
1105 1796 1178 1848 qm·
1215 1797 1422 1849 sequitur,
1463 1796 1604 1849 frater
1640 1796 1779 1837 minor
1815 1795 1861 1838 0.
1898 1795 2073 1837 Fonteii

341 1866 563 1920 Capitonis
593 1855 775 1907 consulis
805 1879 845 1906 a.
866 1866 933 1908 59.

258 1936 337 1977 311
373 1941 414 1977 C.
435 1940 682 1976 FONTEIVS
705 1939 881 1974 CAPITO
909 1931 1056 1974 consul
1085 1948 1122 1974 a.
1150 1933 1212 1976 12.
1260 1932 1425 1974 Nomen
1441 1932 1614 1987 plenum
1633 1933 1740 1986 fasti
1765 1931 1884 1986 Cap„
1907 1934 1947 1973 et
1967 1931 2075 1974 alibi

343 2003 524 2057 saepius.
575 2001 622 2046 C.
654 2001 682 2045 f.
715 2002 815 2055 fast.
845 2000 962 2055 Cap„
994 1999 1083 2042 Dio
1113 2000 1199 2044 incl.
1233 2000 1303 2044 lib.
1325 2003 1390 2051 56,
1422 2001 1537 2055 filius
1567 2003 1615 2042 ut
1643 2000 1808 2042 videtur
1834 1999 1880 2043 C.
1901 1999 2075 2042 Fonteii

341 2071 561 2125 Capitonis
592 2069 772 2112 consulis
801 2068 970 2121 suffecti
997 2083 1036 2110 a.
1062 2083 1103 2113 u.
1133 2082 1166 2110 e.
1202 2072 1296 2119 721,
1330 2068 1378 2111 C.
1411 2084 1453 2110 n.
1484 2069 1583 2122 fast.
1613 2068 1720 2123 Gap.
1771 2067 1931 2111 Consul
1961 2083 2000 2110 a.
2030 2083 2072 2125 p.

345 2139 394 2182 C.
418 2141 471 2182 12
501 2154 601 2181 cum
622 2138 881 2183 Germanico
904 2137 1090 2180 Caesare
1119 2138 1238 2190 fasti.
1289 2136 1451 2179 Consul
1471 2137 1588 2179 nullo
1615 2138 1659 2178 iu
1690 2151 1867 2179 numero
1899 2135 2073 2178 habitus

346 2209 464 2261 (πάνυ
487 2209 556 2264 τὴν
578 2208 711 2253 ἄλλως
731 2207 952 2263 ἠριθμεῖτο)
975 2205 1063 2247 Dio
1082 2207 1148 2255 56,
1171 2208 1240 2249 26.
1290 2205 1528 2247 Proconsul
1551 2205 1682 2247 Asiae
1708 2205 1765 2259 (a.
1787 2220 1828 2260 p.
1851 2204 1900 2249 C.
1923 2204 2072 2259 23J4P)

348 2277 444 2319 Tae.
468 2291 507 2320 a.
529 2280 568 2326 4,
590 2279 656 2319 36.
707 2274 949 2317 Accusatus
980 2289 1006 2315 a
1034 2273 1164 2316 Vibio
1197 2273 1358 2316 Sereno
1389 2289 1426 2318 a.
1453 2275 1531 2329 25,
1562 2274 1639 2315 sed
1669 2273 1893 2315 absolutus
1922 2273 1979 2315 ib.

258 2346 342 2387 312
375 2351 415 2389 C.
445 2350 694 2386 FONTEIVS
735 2348 911 2384 CAPITO
952 2341 1103 2383 consul
1143 2356 1180 2384 a.
1215 2342 1282 2384 59.
1345 2342 1509 2384 Nomen
1535 2342 1662 2396 plene
1701 2344 1818 2383 extat
1856 2344 1936 2385 aet.
1966 2341 2070 2385 Arv.

341 2412 390 2454 X
406 2415 525 2463 1504,
547 2413 645 2454 item
676 2410 840 2454 V5607
858 2412 973 2466 (nam
994 2411 1062 2452 liic
1083 2411 1229 2464 potius
1248 2411 1517 2465 siqnifiieatur
1537 2425 1661 2464 quam
1688 2410 1832 2452 consul
1861 2410 1966 2452 anni
1984 2410 2071 2464 12),

345 2480 394 2523 C.
424 2482 630 2523 Fonteius
666 2481 764 2523 Tae.
788 2494 886 2523 ann.
908 2483 973 2530 14,
995 2482 1033 2528 1,
1066 2479 1271 2521 Fonteius
1297 2478 1416 2520 Plin.
1437 2479 1476 2523 h.
1497 2493 1539 2522 n.
1560 2482 1603 2529 2,
1634 2481 1739 2529 180,·
1768 2478 1875 2520 alibi
1904 2478 2071 2534 Capito.
2154 2529 2158 2532 μ

344 2550 488 2592 Felius
507 2553 554 2591 ut
573 2549 738 2591 videtur
758 2549 847 2590 eius
867 2548 941 2602 qui
955 2547 1188 2602 praeeedit.
1240 2546 1402 2590 Consul
1425 2547 1515 2589 ord.
1534 2562 1572 2589 a.
1594 2547 1649 2589 59
1672 2561 1770 2588 cum
1790 2546 1838 2590 C.
1861 2547 2072 2603 Vipstano

345 2618 595 2674 Aproniano
616 2618 731 2671 fasti.
758 2642 804 2646 —
841 2616 929 2659 Aut
960 2616 1087 2657 huius
1108 2622 1185 2657 aut
1206 2617 1339 2671 patris
1369 2615 1512 2657 liberti
1546 2615 1613 2657 VI
1626 2617 1776 2658 18523.
1827 2614 2070 2670 (Fonteium

343 2685 590 2740 Capitonem
624 2686 806 2740 leyatum
842 2684 1099 2727 Germaniae
1127 2684 1348 2738 inferioris
1379 2684 1558 2725 oeeisum
1587 2697 1626 2724 a.
1649 2685 1703 2724 68
1730 2697 1814 2724 non
1844 2683 1954 2724 hune
1985 2696 2072 2725 ere-

348 2754 525 2796 diderim
544 2755 686 2807 fuisse,
717 2753 791 2795 secl
809 2752 1017 2795 consulem
1046 2767 1085 2796 a.
1108 2755 1173 2802 67,
1197 2755 1376 2806 propter
1397 2752 1658 2794 omissionem
1676 2751 1860 2793 nominis
1879 2751 1925 2793 in
1945 2752 2072 2805 fastis

345 2822 606 2877 quibusdam,
639 2822 692 2875 ef.
723 2835 850 2875 super
877 2835 918 2864 n.
939 2820 1051 2875 310).

261 2891 344 2933 313
375 2898 423 2933 D.
466 2896 712 2931 FONTEIVS
754 2895 1128 2930 FRONTINIANVS
1168 2896 1212 2931 L.
1254 2893 1549 2930 STERTINIVS
1588 2893 1804 2930 RVFINVS
1835 2887 1913 2943 (St-’c
1943 2886 2070 2942 plene

348 2963 375 3002 t.
392 2963 436 3003 2.
456 2962 495 3000 3.
516 2961 555 3000 5.
577 2958 644 3012 15)
665 2957 833 3012 legatus
847 2957 1078 2999 Numidiae
1099 2956 1213 2998 tituli
1229 2957 1459 2999 Numidiae
1479 2956 1602 2999 VIII
1609 2959 1720 2999 2353
1735 2955 1807 3010 (1).
1828 2955 2071 3011 2579ᾱ(2).

345 3030 488 3071 25796
508 3025 580 3081 (3).
617 3029 729 3069 2094
750 3025 821 3079 (4).
861 3027 974 3068 2738
996 3024 1066 3079 (5).
1106 3028 1218 3068 2789
1240 3024 1312 3079 (6).
1353 3027 1465 3068 2740
1488 3024 1563 3078 (7).
1601 3027 1713 3067 4208
1739 3023 1812 3079 (8).
1853 3027 1968 3066 4204
1996 3023 2070 3079 (9).

345 3097 458 3138 4205
474 3094 573 3149 (10).
593 3097 706 3136 4200
719 3113 772 3127 2
785 3093 830 3135 S.
844 3096 978 3135 18510
988 3092 1086 3147 (11).
1101 3096 1217 3135 4232
1233 3092 1334 3147 (12).
1357 3094 1470 3135 4582
1484 3092 1582 3147 (13).
1603 3095 1711 3134 4589
1727 3091 1825 3147 (14).
1845 3095 1954 3134 4599
1971 3091 2070 3147 (15).
2133 3125 2141 3139 .

347 3166 454 3205 7046
470 3162 568 3217 (16).
588 3164 703 3205 8208
719 3160 829 3215 (17);
854 3161 975 3203 VIII
990 3160 1035 3204 S.
1048 3163 1183 3202 18005
1200 3160 1300 3214 (18).
1321 3163 1457 3202 18509
1474 3159 1571 3215 (19).
1593 3162 1726 3202 18511
1742 3159 1857 3214 (20);
1877 3159 1990 3213 Eph.
2007 3175 2069 3215 ep.

349 3235 385 3286 7,
404 3233 484 3272 798
505 3230 607 3285 (21),
633 3245 671 3272 a.
695 3230 776 3271 160
807 3232 834 3272 t.
857 3232 896 3270 8.
918 3232 957 3272 9.
979 3232 1044 3278 19,
1067 3244 1103 3270 a.
1131 3230 1209 3271 162
1232 3232 1259 3272 t.
1282 3232 1346 3270 14.
1368 3231 1433 3272 18.
1484 3227 1758 3270 Clarissimus
1788 3228 1858 3268 vir
1887 3231 1913 3269 t.
1936 3231 1975 3270 1.
1997 3232 2068 3271 21.

349 3298 510 3341 Consul
540 3298 789 3352 designatus
819 3300 847 3340 t.
868 3301 911 3340 2.
935 3300 974 3338 3.
995 3299 1034 3339 5.
1057 3300 1094 3338 6.
1117 3300 1181 3341 11.
1203 3300 1268 3339 14.
1290 3300 1354 3338 18.
1377 3300 1448 3347 20,
1481 3311 1517 3338 a.
1544 3297 1624 3338 162
1655 3299 1682 3339 t.
1705 3299 1769 3339 14.
1790 3298 1856 3337 18.
1908 3294 2070 3338 Consul

348 3371 376 3411 t.
407 3369 550 3417 7.,15,
592 3380 703 3408 anno
732 3369 780 3407 ut
809 3365 972 3407 videtur
1002 3369 1086 3408 162
1115 3368 1285 3408 exeunte
1316 3369 1391 3407 aut
1423 3380 1461 3408 a.
1494 3367 1585 3406 163.
1657 3363 1911 3407 Consularis
1937 3367 1965 3407 t.
1997 3367 2067 3407 12.
