2190 3724
248 279 465 316 FLAVIVS
1122 271 1176 314 74
1841 276 2057 314 FLAVIVS

335 409 388 451 ab
419 409 589 451 Othone
626 409 722 450 Tac.
753 408 849 449 hist.
881 411 918 457 1,
950 410 1004 448 46
1014 420 1027 457 ,·
1062 406 1181 448 Plut.
1222 406 1327 448 Otho
1356 408 1394 448 5.
1464 405 1655 462 Accepto
1694 408 1844 449 nuntio
1885 422 2055 464 pugnae

335 477 634 519 Bedriacensis
665 475 821 517 milites
852 475 1038 517 urbanos
1069 475 1111 515 in
1142 474 1276 517 verba
1304 473 1468 516 Vitellii
1499 474 1636 529 adigit
1669 475 1765 517 Tae.
1797 475 1893 517 hist.
1925 479 1967 525 2,
1988 478 2054 517 55.

336 544 561 587 Cornelius
593 542 821 585 Dolabella
860 542 977 598 apud
1018 557 1116 584 eum
1155 548 1378 584 accusatus
1408 542 1464 586 27).
1496 556 1528 584 e.
1554 545 1619 584 63.
1680 542 1920 585 Dicebatur
1950 543 2054 586 Cae-

335 614 474 654 cinam
505 612 559 653 ad
590 611 873 652 defectionem
906 611 1153 652 incitavisse
1183 610 1240 652 ih.
1272 624 1304 652 e.
1336 613 1404 651 99.
1459 610 1921 666 Adpropinquantibus
1959 610 2051 653 Fla-

335 682 474 721 vianis
506 687 552 721 ut
581 680 719 720 Roma
748 679 916 733 fugeret
947 678 1202 732 admonitus⁷
1236 685 1427 720 remanet
1455 679 1496 720 in
1530 680 1635 722 urbe
1673 679 1770 721 Tac.
1800 679 1897 721 hist.
1927 682 1966 729 3,
1987 682 2054 721 59.

337 748 445 790 Cum
478 762 527 788 co
559 748 649 801 agit
673 746 872 788 Vitellius
894 746 947 788 de
976 747 1154 802 imperio
1177 746 1429 802 deponendo
1450 747 1507 788 ib.
1530 760 1563 788 o.
1580 750 1645 788 64.
1668 749 1731 797 65,
1755 746 1870 789 Suet.
1893 747 1973 789 Va.
1991 749 2056 789 15.

335 817 383 857 In
419 815 680 871 Capitolium
715 814 961 870 compulsus
1001 814 1146 871 ibique
1181 814 1378 856 obsessus
1423 814 1520 856 Tac.
1556 814 1653 856 hist.
1688 818 1727 864 3,
1764 818 1829 857 69.
1861 819 1926 857 70.
1987 816 2055 857 In-

335 898 459 925 censo
482 883 695 939 Capitolio
722 883 777 924 ad
798 882 1021 925 Vitellium
1051 882 1283 938 perductus
1313 882 1543 936 occiditur3
1575 897 1729 938 corpus
1761 884 1801 924 in
1825 884 2056 926 Gemonias

334 952 545 994 abiectum
576 951 632 993 rb.
665 965 698 992 a.
734 954 796 992 73.
832 954 894 994 74.
925 954 1001 1001 85,·
1042 951 1245 1004 Iosephus
1274 950 1366 992 bell.
1398 955 1442 1000 4,
1474 954 1544 1000 11,
1575 955 1625 1001 4,·
1666 951 1781 994 Suet.
1824 951 1958 994 Vitat.
1990 955 2059 1001 15,ι

335 1019 459 1061 Dom.
482 1023 530 1070 1,·
559 1018 647 1060 Dio
668 1022 732 1069 65,
755 1022 811 1060 17
819 1032 831 1069 ,·
873 1019 1014 1060 Victor
1036 1018 1155 1060 Caes.
1177 1022 1216 1068 8,
1250 1019 1346 1072 epit.
1369 1021 1420 1070 8,·
1450 1019 1688 1073 Eutropius
1710 1022 1747 1068 7,
1770 1022 1846 1069 18;
1884 1019 2058 1061 Orosius

338 1092 374 1137 7,
402 1091 452 1138 8;
483 1086 701 1141 Synoellus
722 1102 770 1141 p.
797 1090 888 1137 645,
920 1091 986 1128 19.
1044 1087 1194 1135 Funus
1238 1087 1481 1128 censorium
1523 1087 1560 1128 ei
1603 1087 1778 1128 ductum
1824 1087 1921 1129 Tae.
1961 1088 2057 1130 hist.

333 1160 372 1206 4,
404 1159 471 1205 47,
514 1155 790 1211 vadimon[iis
827 1155 997 1196 honoris
1036 1154 1183 1210 cau]sa
1226 1155 1368 1196 dilatis
1409 1156 1496 1205 tit.;
1537 1154 1783 1210 [clupeus‘?]
1826 1156 1862 1196 ci
1898 1157 2059 1212 positus

336 1230 510 1266 auctore
539 1224 818 1279 Vespasiano,
851 1224 952 1265 item
985 1224 1026 1264 in
1059 1222 1151 1264 foro
1184 1223 1272 1264 divi
1294 1223 1481 1277 Augusti
1513 1229 1653 1265 statua
1684 1223 1746 1264 ta.
1768 1248 1825 1252 —
1846 1224 1926 1265 Vir
1946 1225 2058 1266 mitis

338 1299 380 1333 et
409 1291 644 1333 abhorrens
675 1307 700 1333 a
730 1291 935 1333 caedibus
972 1292 1069 1332 Tae.
1100 1291 1198 1333 hist.
1220 1295 1262 1340 2,
1295 1294 1370 1342 (53,-
1398 1294 1437 1341 3,
1464 1294 1538 1342 65;
1578 1292 1785 1332 sermonis
1816 1292 1971 1345 nimius
2000 1293 2058 1334 rb.

338 1374 371 1402 e.
407 1363 470 1402 75.
501 1385 558 1389 —
599 1359 750 1402 Obiter
786 1361 1033 1401 nominatur
1069 1359 1165 1401 Tae.
1197 1359 1294 1400 hist.
1324 1363 1362 1409 3,
1398 1362 1462 1401 78.
1497 1363 1562 1401 79.
1594 1362 1648 1401 81
1659 1373 1672 1410 ;
1701 1360 1860 1400 mentio
1892 1361 1983 1401 eius
2011 1361 2060 1402 fit

336 1428 538 1482 Iosephus
561 1427 654 1470 bell.
675 1431 714 1478 4,
737 1431 802 1478 10,
824 1431 862 1469 3.

252 1498 334 1539 232
366 1503 578 1538 FLAVIVS
612 1502 820 1537 SABINVS
853 1503 1026 1538 curator
1065 1510 1241 1551 operum
1282 1495 1551 1551 publicorum
1590 1495 1689 1550 (sub
1720 1496 1819 1538 Tito
1851 1496 1920 1538 vel
1959 1503 2058 1538 ante

335 1564 500 1618 Titum)
534 1564 601 1606 VI
623 1567 715 1606 814.
759 1563 953 1606 Eundem
989 1564 1033 1605 Τ.
1058 1563 1263 1605 Flavium
1295 1563 1502 1606 Sabinam
1525 1563 1732 1605 consulem
1763 1579 1801 1606 a.
1823 1566 1883 1607 82
1910 1563 2060 1606 habuit

336 1632 594 1686 Bor-(Jhosv'us
626 1646 718 1686 opp.
740 1635 779 1682 4,
802 1635 893 1682 155,
920 1631 1039 1673 nulla
1072 1645 1201 1672 causa
1233 1635 1410 1686 ooyento.

252 1701 334 1742 233
365 1706 409 1741 T.
440 1706 651 1741 FLAVIVS
683 1706 891 1740 SABINVS
935 1699 1214 1753 (praenomen
1245 1702 1361 1741 extat
1391 1702 1470 1741 aot.
1500 1699 1605 1741 Arv.
1636 1703 1676 1742 et
1703 1701 1805 1754 fast.
1835 1701 1914 1754 fer.
1943 1701 2059 1755 Lat.)

337 1768 485 1809 consul
525 1768 774 1822 designatus
815 1768 859 1808 in
899 1782 1060 1809 annum
1091 1768 1145 1808 69
1174 1782 1200 1809 a
1230 1768 1400 1808 Nerone
1438 1775 1513 1810 aut
1544 1767 1685 1810 Galba
1721 1769 1818 1810 Tae.
1849 1768 1890 1810 h.
1921 1773 1959 1820 1,
1992 1773 2057 1812 77.

336 1836 406 1878 Ab
437 1836 607 1878 Othone
648 1835 856 1877 militibus
897 1836 1166 1892 praepositus
1207 1835 1364 1891 quibus
1403 1836 1586 1878 Martius
1626 1837 1773 1878 Macer
1814 1837 2061 1892 praefuerat

336 1905 393 1946 db.
421 1908 463 1954 2,
487 1907 552 1946 36.
612 1904 783 1946 Mortuo
825 1904 996 1946 Othone
1036 1903 1090 1945 ad
1122 1903 1375 1945 Vitellianos
1417 1905 1569 1947 transit
1605 1905 1662 1946 ib.
1704 1918 1736 1946 o.
1768 1908 1834 1949 51.
1900 1905 2061 1947 Consul

339 1973 541 2014 suffectus
572 1987 609 2014 a.
634 1972 688 2013 69
720 1987 817 2013 cum
848 1971 926 2014 Cn.
947 1971 1141 2014 Aruleno
1165 1971 1311 2013 Caelio
1339 1971 1501 2015 Sabino
1532 1987 1677 2014 mense
1695 1972 1802 2028 Apr.
1833 1973 1934 2015 Mai.
1964 1974 2060 2015 Iun.

340 2043 419 2081 aot.
446 2040 550 2082 Arr.
602 2040 763 2082 Consul
790 2041 944 2082 iterum
976 2055 1012 2083 a.
1037 2041 1089 2082 72
1121 2055 1216 2081 cum
1243 2040 1290 2082 C.
1314 2040 1482 2082 Licinio
1504 2041 1705 2083 Muciano
1737 2041 1804 2083 III
1836 2044 1915 2082 act.
1938 2041 2057 2091 Arr„

337 2109 436 2161 fast.
459 2109 538 2162 for.
561 2109 658 2150 Lat.
699 2108 900 2150 Alienum
930 2109 1061 2162 fuisse
1088 2123 1113 2150 a
1135 2108 1181 2149 F
1184 2108 1309 2149 larris
1331 2109 1495 2151 Sabino
1525 2113 1564 2151 et
1594 2110 1850 2164 Vespasiano
1880 2110 2061 2163 fortasse

340 2191 390 2218 (ιτ
418 2177 584 2218 sr'ltnt‘io
620 2177 759 2218 Tacito?
786 2176 929 2230 oollo'gyi
949 2180 1101 2230 potest.

253 2245 335 2287 234
366 2251 408 2285 T.
442 2251 652 2286 FLAVIVS
687 2250 894 2286 SABINVS
937 2244 1213 2298 (praenomen
1249 2248 1365 2286 extat
1395 2245 1461 2287 VJ
1474 2248 1545 2287 20.
1574 2247 1704 2301 3828)
1736 2245 1876 2287 Flavii
1909 2244 2061 2287 Sabini

340 2312 543 2368 praefecti
579 2312 696 2353 urbis
724 2312 837 2354 filius
868 2312 955 2354 Dr‘o
985 2316 1138 2363 65,17,
1182 2313 1389 2369 patruelis
1417 2314 1653 2355 Domitiani
1686 2313 1802 2356 Suet.
1834 2313 1959 2355 Dom.
1993 2317 2058 2356 10.

337 2381 390 2423 A.
423 2381 477 2422 69
518 2381 680 2422 accitus
710 2396 735 2422 a
764 2388 885 2436 patre
916 2382 959 2422 in
992 2381 1276 2437 Capitolium,
1316 2396 1414 2423 cum
1444 2381 1705 2437 Capitolium
1746 2381 2058 2436 incenderetur,

340 2449 476 2489 evasit
503 2448 592 2490 Dio
612 2451 676 2497 65,
710 2453 760 2490 17
789 2450 843 2502 of.
872 2449 969 2490 Tac.
990 2449 1029 2491 h.
1055 2452 1094 2499 3,
1118 2452 1184 2491 69.
1250 2450 1299 2491 In
1330 2450 1600 2491 matrimonio
1632 2448 1762 2491 habet
1789 2450 1944 2491 Iuliam
1974 2451 2060 2492 Titi

339 2517 470 2558 filiam
502 2516 791 2558 Philostratus
820 2517 1112 2571 2:2·t.Ap0110n.
1138 2521 1173 2567 7,
1200 2521 1236 2559 7.
1296 2519 1442 2561 Gener
1472 2517 1635 2571 fratris,
1669 2517 1722 2559 de
1754 2519 1876 2560 cuius
1907 2517 2060 2560 albatis

339 2585 544 2626 ministris
566 2584 828 2639 querebatur
848 2585 1122 2627 Domitianus
1155 2585 1347 2627 nondum
1377 2586 1578 2642 princeps
1600 2585 1716 2628 Suet.
1747 2585 1872 2627 Dom.
1896 2590 1964 2636 12,
1993 2586 2061 2628 hic

261 2689 264 2691 ,
337 2653 427 2694 sine
458 2652 596 2693 dubio.
629 2652 790 2694 Consul
812 2653 1054 2695 ordinarius
1085 2669 1122 2695 a.
1145 2654 1198 2695 82
1231 2668 1328 2695 cum
1355 2653 1603 2696 Domitiano
1626 2654 1734 2695 VIII
1755 2654 1874 2707 fasti,
1902 2655 1956 2707 ef.
1986 2654 2057 2696 ‘VI

259 2738 262 2739 ⁷
340 2724 411 2763 20.
441 2722 567 2765 3828,
626 2719 805 2762 Occisus
845 2736 871 2762 a
910 2721 1159 2763 Domitiano
1199 2721 1314 2764 Suet.
1346 2721 1470 2763 Dom.
1503 2725 1579 2771 10,
1621 2721 1913 2763 Philostratus
1953 2721 1978 2764 l.
2011 2736 2058 2771 o„

343 2788 473 2844 ‘quod
505 2803 600 2830 eum
634 2790 900 2831 comitiorum
932 2789 1221 2831 consularium
1252 2789 1322 2830 die
1352 2789 1611 2831 destinatum
1646 2804 1870 2845 perperam
1907 2805 2060 2846 praeco

340 2870 425 2897 non
457 2856 672 2898 consulem
704 2857 759 2898 ad
791 2857 995 2913 populum
1023 2857 1096 2898 sed
1129 2858 1431 2913 imperatorem
1462 2859 1795 2912 pronuntiasset'
1821 2858 1935 2900 Suet.
1967 2858 1993 2900 l.
2025 2872 2070 2900 e.-

254 2925 336 2966 235
368 2930 410 2966 Τ.
423 2930 634 2966 FLAVIVS
649 2931 948 2966 SALLVSTIVS
966 2931 1349 2967 PAELIGNIANVS.
1375 2924 1606 2968 Sallustius
1623 2925 1900 2968 Paelinianus
1915 2926 2061 2980 fistula

342 2992 389 3033 X
413 2995 542 3042 6769;
579 2993 624 3034 v'n
670 2993 889 3034 consulatu
920 2993 1170 3046 plerumque
1209 2992 1513 3048 Paelignianus
1554 2993 1818 3046 (Felicianus
1859 2994 2059 3048 Prosper,

341 3060 480 3114 neate),
525 3059 627 3102 Sall.
660 3060 996 3115 Paeligninanus
1026 3061 1151 3103 XIV
1171 3064 1299 3110 2267,
1343 3061 1393 3104 Τ.
1425 3060 1504 3104 Fl.
1523 3094 1533 3103 .
1552 3094 1561 3103 .
1579 3094 1588 3103 .
1607 3094 1617 3103 .
1650 3064 1730 3103 aot.
1761 3061 1865 3104 Arv.
1897 3076 1937 3104 a.
1963 3065 2059 3113 231,

340 3129 414 3181 qur
452 3128 564 3169 loeus
605 3131 795 3170 aetorum
833 3129 956 3170 semel
995 3132 1180 3179 tantum,
1222 3144 1247 3170 a
1281 3129 1478 3171 Marinio
1518 3132 1676 3179 tamen,
1718 3129 1950 3183 desorvptus
1979 3134 2062 3182 est,·
2137 3137 2145 3150 ⁸

343 3197 392 3238 Τ.
423 3195 488 3238 Fl.
520 3196 570 3238 T.
602 3196 630 3238 f.
663 3196 826 3252 Qu[ir.]
871 3196 1214 3252 Paelignffamw]
1254 3198 1537 3251 sraymontum
1567 3198 1778 3239 ‘urbanum
1810 3197 1877 3240 VI
1901 3202 2062 3240 17968ιι

341 3267 379 3304 et
407 3265 588 3317 fortasse
608 3265 760 3318 paullo
789 3265 937 3307 melius
967 3279 1036 3319 ap.
1069 3266 1284 3307 Laneiani
1313 3265 1411 3307 hall.
1444 3279 1544 3307 com.
1573 3268 1681 3307 1883
1701 3280 1749 3319 p.
1771 3269 1872 3316 223,
1903 3266 1953 3309 de
1981 3281 2061 3321 quo

343 3335 477 3374 tamen
512 3332 702 3374 dubitari
722 3336 873 3387 potest,
901 3347 1001 3375 num
1023 3334 1238 3387 pertineat
1268 3333 1326 3375 ad
1353 3333 1473 3375 hune.
1526 3333 1798 3376 Clarissimus
1820 3335 1887 3375 vir
1917 3335 2060 3389 fistula
