2202 3724
106 277 273 314 IVNIVS
970 269 1053 312 239
1744 275 1914 312 IVNIVS

191 409 425 464 potentiam
464 406 634 449 Paridis
675 406 928 462 pantomimi
968 407 1224 462 perstrinxit
1262 406 1359 460 (sat.
1392 407 1432 460 7,
1463 405 1652 460 90—92)
1682 406 1793 448 vitae
1824 404 1915 458 (ubi

189 478 419 530 praeterea
449 475 648 525 traditur,
681 487 750 517 eos
777 474 1003 517 versiculos
1039 475 1238 530 repetitos
1276 487 1363 517 esse
1402 489 1454 517 ex
1491 489 1541 518 ea
1570 488 1698 529 quam
1723 474 1916 529 primam

188 545 348 599 fecerat
382 545 426 586 in
456 543 660 586 Paridem
689 542 870 598 satira),·
898 543 1025 586 schol.
1058 543 1116 586 ad
1144 546 1224 586 sat.
1246 547 1284 594 1,
1306 547 1344 587 1.
1375 546 1413 593 7,
1443 547 1502 586 92
1531 543 1667 597 (‘irati
1697 542 1916 585 histrionis

190 612 306 655 exul‘
322 612 526 656 Sidonius
544 611 816 667 Apollinaris
836 625 965 656 earm.
983 615 1021 662 9,
1033 615 1124 655 272
1143 612 1385 655 Iuvenalem
1404 615 1452 654 ut
1471 611 1636 654 videtur
1650 611 1915 666 siqnifieans)

190 682 245 735 ef.
276 681 461 724 Ioannes
493 680 692 723 Matalas
721 680 793 724 lib.
826 679 875 722 X
902 681 967 735 (p.
988 683 1074 724 263
1102 680 1276 734 Bonn),
1318 679 1480 723 Suidas
1509 693 1541 722 s.
1572 693 1609 722 v.
1644 679 1916 737 Ἰουβενάλιος,

186 763 264 806 per
299 749 505 791 honorem
545 748 723 790 militiae
751 749 875 798 vitae,
916 748 1043 791 schol.
1075 748 1134 791 ad
1161 752 1240 791 sat.
1272 752 1312 799 4,
1342 751 1412 799 38,
1452 750 1608 790 missus
1638 747 1693 790 ad
1729 748 1918 804 praefec-

190 824 332 860 turam
371 817 560 860 cohortis
600 817 646 858 in
682 823 876 858 extrema
906 823 1028 873 parte
1057 816 1248 872 Aegypti
1279 816 1494 859 tendentis
1524 817 1594 860 vit.
1627 817 1665 858 Ι.
1695 817 1762 867 ΙΙ,
1789 816 1914 859 schol.

192 885 250 928 ad
267 889 348 930 sat.
368 889 407 936 4,
428 886 496 928 38.
517 888 583 936 15,
604 887 666 928 27
684 884 918 939 (relegatus
940 885 983 926 in
1007 884 1278 941 Pentapolim
1298 884 1467 941 Libyae
1489 884 1699 935 Matalas,
1724 884 1915 938 Surdas),

190 954 331 997 factus
360 954 606 1010 praefectus
629 952 814 995 militum
835 959 986 995 contra
1007 952 1169 1007 Scotos,
1193 959 1240 995 ut
1260 952 1320 995 ibi
1343 953 1658 995 interficeretur
1677 953 1748 996 vit.
1773 952 1818 994 V.
1846 952 1914 994 VI

190 1024 258 1078 (ex
287 1022 526 1066 cohortibus
555 1021 875 1072 Delmatarum,
916 1035 1099 1075 quarum
1127 1021 1205 1063 uni
1241 1021 1480 1075 praefuisse
1518 1021 1760 1064 Iuvenalem
1798 1035 1849 1063 eac
1888 1023 1916 1063 t.

192 1091 417 1146 eolliqitur,
459 1091 511 1144 ef.
551 1103 704 1144 supra,
743 1093 852 1132 certe
881 1090 1032 1144 prima
1065 1092 1106 1132 et
1133 1089 1317 1132 secunda
1351 1093 1554 1132 steterunt
1588 1090 1635 1132 in
1665 1089 1916 1139 Britannia,

191 1159 245 1212 cf.
276 1158 478 1202 Huebner
505 1157 551 1201 G.
583 1157 679 1200 VII
693 1172 740 1211 p.
766 1159 820 1200 85
851 1160 889 1199 et
920 1157 980 1199 ad
1007 1157 1103 1199 VII
1125 1158 1233 1211 760),
1265 1172 1292 1199 a
1321 1158 1570 1200 Domitiano
1600 1158 1671 1202 vit.
1693 1158 1759 1207 II,
1790 1157 1917 1201 schol.

193 1226 252 1270 ad
277 1230 358 1271 sat.
390 1230 428 1278 1,
451 1230 488 1271 1.
519 1230 558 1276 4,
578 1228 647 1276 38,
680 1225 901 1276 Malalas,
934 1225 1118 1276 Suidas,
1150 1226 1354 1268 extremis
1384 1226 1623 1268 Domitiani
1653 1226 1918 1282 temporibus

190 1297 261 1338 vit.
292 1295 375 1346 IV,
407 1310 433 1337 a
463 1295 651 1337 Traiano
680 1295 753 1337 vit.
786 1293 868 1345 VI,
900 1309 927 1352 a
954 1294 1130 1336 Nerone
1159 1294 1286 1337 schol.
1313 1295 1371 1336 ad
1399 1298 1437 1345 7,
1470 1298 1553 1346 92;
1590 1295 1661 1336 vit.
1695 1294 1805 1345 VII,
1843 1294 1918 1336 hoe

193 1364 358 1407 omnino
388 1363 513 1418 falso.
559 1362 680 1406 Obiit
710 1363 755 1404 in
786 1362 916 1405 exilio
945 1362 1073 1405 schol.
1107 1362 1166 1405 ad
1193 1366 1273 1405 sat.
1298 1367 1337 1413 4,
1358 1366 1426 1413 38,
1456 1364 1527 1405 vit.
1550 1363 1633 1414 IV,
1668 1364 1798 1405 ‘intra
1829 1362 1919 1404 bre-

190 1433 415 1475 vissimum
453 1439 621 1488 tempus
651 1445 814 1487 angore
843 1446 896 1473 ac
926 1430 1068 1474 taedio
1099 1432 1243 1487 periit’
1274 1431 1483 1486 (intelleye
1513 1432 1558 1474 in
1588 1431 1732 1487 exilio)
1763 1432 1849 1473 vita
1881 1432 1918 1481 Ι,

189 1500 384 1544 similiter
402 1501 473 1545 vit.
496 1500 541 1543 V.
573 1500 646 1543 VI.
677 1499 774 1543 VII
775 1513 789 1552 ;
818 1503 968 1542 contra
987 1499 1172 1542 Romam
1195 1500 1412 1542 revertisse
1442 1501 1696 1555 imperatore
1726 1499 1920 1554 defuneto

192 1569 395 1624 adfirmat
431 1569 504 1611 vit.
544 1569 619 1620 II,
662 1569 716 1623 ef.
755 1569 826 1613 vit.
857 1569 960 1619 III,
1009 1565 1322 1623 octoyenari'um
1358 1569 1491 1623 fuisse
1531 1583 1625 1612 eum
1667 1570 1711 1611 in
1749 1569 1922 1612 exilium

191 1638 428 1681 mitteretur
473 1637 626 1692 leyitur
664 1638 736 1680 vit.
778 1638 817 1680 Ι.
858 1637 925 1680 ΙΙ.
993 1638 1189 1680 ‘Romam
1229 1652 1328 1680 cum
1377 1639 1546 1680 veniret
1595 1644 1638 1681 et
1675 1637 1919 1680 Martialem

193 1720 320 1748 suum
358 1721 446 1748 non
485 1706 680 1761 videret,
721 1707 782 1748 ita
820 1706 995 1749 tristitia
1035 1713 1078 1749 et
1117 1719 1280 1761 angore
1318 1707 1448 1762 periit
1485 1720 1599 1748 anno
1637 1707 1791 1749 aetatis
1819 1721 1922 1749 suae

190 1773 324 1817 altero
356 1780 399 1816 et
429 1775 704 1829 octogesimo'
737 1775 809 1817 vit.
840 1775 936 1818 III.
994 1774 1240 1819 Universam
1271 1774 1320 1817 de
1350 1775 1478 1818 exitio
1508 1775 1725 1818 Iuvenalis
1759 1775 1922 1829 famam

193 1842 404 1886 Vahlenus
438 1843 822 1899 Sitzunysberiohte
862 1843 937 1886 der
974 1843 1174 1886 Berliner
1204 1843 1439 1886 Akademie
1473 1846 1583 1886 1883
1612 1858 1660 1898 p.
1693 1847 1807 1887 1182
1840 1857 1920 1897 seq.

191 1925 346 1954 vanam
384 1911 568 1962 iudicat,
611 1915 748 1954 ortam
788 1926 839 1955 ex
869 1911 1044 1955 Sidonii
1083 1912 1172 1954 loeo
1209 1925 1343 1966 supra
1383 1912 1512 1954 citato
1544 1912 1724 1966 locisque
1753 1913 1923 1966 quibus-

193 1980 293 2023 dam
321 1983 580 2031 saturarum,
608 1984 650 2023 et
673 1984 822 2024 temere
843 1984 1148 2036 prcmayatam.
1196 1981 1269 2023 Ad
1289 1981 1462 2023 Nervae
1492 1988 1535 2023 et
1559 1981 1735 2023 Traiani
1766 1981 1922 2038 princi-

195 2054 345 2106 patum
385 2050 668 2105 supervivens
709 2050 826 2091 senio
867 2056 911 2092 et
946 2049 1087 2092 taedio
1122 2050 1238 2091 vitae
1274 2048 1495 2092 confectus
1530 2049 1715 2092 decessit
1747 2051 1818 2092 vit.
1854 2050 1921 2092 II.

199 2117 416 2159 ‘Decessit
444 2117 574 2172 longo
603 2118 722 2159 senio
743 2117 964 2160 confectus
985 2116 1087 2159 exul
1107 2117 1328 2159 Antonino
1351 2117 1428 2159 Pio
1451 2118 1726 2173 imperatore‘
1750 2117 1822 2161 vit.
1838 2117 1921 2159 IV.

195 2184 358 2228 Wxisse
386 2185 629 2228 Iuvenalem
650 2189 751 2241 post
781 2200 821 2230 a.
852 2189 941 2230 127
968 2185 1227 2228 demonstrat
1256 2188 1336 2228 sat.
1366 2188 1432 2236 15,
1464 2188 1536 2236 27,
1576 2186 1616 2227 si
1643 2199 1736 2227 vere
1766 2185 1925 2227 Iuncus

195 2254 339 2296 comul
367 2255 431 2297 ibi
457 2258 712 2297 memoratus
741 2257 823 2305 est,
854 2257 902 2296 ut
931 2267 1017 2297 esse
1043 2254 1229 2304 videtur,
1260 2255 1312 2296 L.
1343 2253 1552 2296 Aemilius
1581 2254 1740 2296 Iuncus
1776 2254 1926 2308 (supra

195 2321 239 2363 A
259 2325 360 2379 235)
392 2323 536 2366 consul
564 2322 663 2375 suff.
696 2338 735 2368 a.
762 2326 861 2373 127,
894 2324 991 2365 item
1021 2326 1101 2367 sat.
1132 2326 1198 2373 13,
1230 2326 1294 2375 17,
1327 2323 1368 2365 si
1402 2321 1609 2364 Fonteius
1644 2321 1788 2364 consul
1828 2325 1925 2364 ante

197 2404 331 2434 annos
359 2392 583 2446 sexaqinta
613 2395 674 2434 est
692 2391 900 2434 Fonteius
926 2390 1080 2446 Capito
1110 2391 1260 2446 (supra
1278 2391 1326 2432 F
1340 2390 1439 2445 310)
1471 2404 1551 2434 eos.
1576 2405 1615 2434 a.
1638 2393 1694 2432 67
1701 2403 1714 2442 ;
1737 2391 1791 2444 cf.
1812 2390 1924 2433 Bor-

192 2458 313 2513 yhesi
341 2473 434 2514 opp.
463 2462 491 2502 5
512 2474 560 2514 p.
584 2463 665 2511 72;
700 2459 989 2502 Friedla'nder
1019 2459 1294 2514 Sittenyeseh.
1325 2459 1414 2501 III
1418 2460 1435 2484 ⁶
1458 2473 1506 2514 p.
1529 2461 1612 2501 486
1636 2472 1718 2512 seq.
1744 2483 1802 2489 —
1830 2459 1924 2502 Me-

195 2531 366 2571 morant
395 2528 637 2571 Iuvenalem
664 2528 920 2571 Ammianus
951 2528 1234 2571 Marcellinus
1253 2530 1324 2578 28,
1346 2531 1384 2578 4,
1406 2531 1482 2578 14;
1513 2526 1687 2571 Servius
1718 2527 1776 2570 ad
1805 2527 1923 2582 Very.

196 2596 303 2639 Aen.
321 2600 358 2647 6,
376 2600 469 2641 140.
484 2601 548 2648 11,
559 2599 664 2648 458,”
679 2597 872 2639 Rutilius
890 2596 1181 2639 Namatianus
1196 2600 1235 2647 1,
1247 2600 1351 2647 604;
1371 2597 1435 2640 Io.
1450 2596 1596 2651 Isydus
1611 2595 1661 2639 de
1676 2611 1785 2651 may.
1803 2600 1842 2647 1,
1856 2600 1923 2640 41.

110 2664 190 2707 501
222 2671 390 2707 IVNIVS
420 2672 581 2709 LVPVS
617 2681 656 2710 a.
686 2667 738 2708 51
771 2666 822 2710 L.
854 2664 1078 2708 Vitellium
1109 2666 1344 2708 maiestatis
1375 2665 1608 2719 accusavit,
1640 2664 1716 2707 sed
1747 2665 1920 2719 frustra,

198 2733 290 2789 ipse
318 2734 364 2775 in
395 2732 574 2776 exilium
604 2740 726 2777 actus
762 2734 860 2777 Tae.
883 2749 924 2776 a.
952 2737 1022 2784 12,
1043 2737 1114 2777 42.

124 2825 184 2830 -
226 2808 328 2843 ΙΜΡ.
361 2808 557 2844 CAESAR
586 2809 629 2846 T.
659 2809 874 2845 FVLVIVS
904 2809 1074 2845 IVNIVS
1104 2809 1399 2844 MACRIANVS
1430 2808 1544 2844 AVG.

112 2869 196 2911 502
226 2876 269 2920 Q.
301 2876 470 2913 IVNIVS
499 2877 772 2914 MARVLLVS
803 2885 889 2913 cos.
921 2871 1016 2914 suff.
1049 2886 1086 2914 a.
1114 2872 1169 2914 62
1201 2871 1284 2926 (VI
1314 2870 1402 2913 kal.
1433 2869 1710 2925 Novembris)
1741 2870 1789 2912 X
1816 2874 1923 2914 1545)

199 2938 255 2992 ef.
282 2938 380 2981 Tae.
404 2953 444 2983 a.
468 2943 534 2990 14,
555 2942 625 2982 48.

116 3007 200 3049 503
229 3007 382 3049 Iunius
402 3007 696 3050 Mauricianus
717 3008 992 3063 (yentilicium
1012 3011 1129 3051 eoetat
1147 3007 1249 3061 Dia.
1266 3011 1333 3059 31,
1350 3010 1418 3051 57.
1444 3011 1510 3059 33,
1532 3012 1575 3058 2,
1600 3011 1671 3050 23.
1692 3011 1758 3057 49,
1782 3011 1846 3057 14,
1867 3007 1924 3060 5),

201 3082 352 3117 auctor
371 3076 499 3118 iuris:
532 3078 624 3119 eius
645 3076 827 3119 adhibiti
854 3078 900 3118 in
919 3077 1115 3132 Digestis
1144 3075 1244 3118 libri
1266 3076 1322 3118 ad
1342 3076 1482 3132 legem
1503 3075 1660 3118 Iuliam
1681 3082 1723 3117 et
1744 3076 1924 3131 Papiam

202 3144 380 3185 minime
411 3150 496 3186 tres
525 3143 628 3199 Diy.
647 3147 716 3195 31,
737 3148 806 3188 57.
835 3148 902 3195 33,
924 3149 967 3196 2,
990 3149 1060 3188 23.
1090 3149 1158 3195 49,
1181 3149 1246 3196 14,
1267 3149 1320 3189 15
1350 3145 1424 3199 (ad
1445 3145 1562 3199 leges
1584 3144 1683 3186 libri
1707 3144 1770 3185 VI
1801 3143 1926 3185 incIeJ:

200 3212 301 3266 Diq.
322 3211 494 3266 Flor.),
525 3212 579 3254 de
608 3214 757 3269 poenis
786 3212 885 3256 libri
916 3214 1092 3255 minime
1122 3213 1207 3256 duo
1238 3213 1340 3268 Diy.
1363 3218 1406 3264 2,
1429 3217 1494 3263 13,
1515 3217 1554 3255 3.
1607 3212 1777 3254 Citatur
1805 3227 1925 3267 prae-

205 3287 324 3323 terea
352 3279 528 3334 Ulpian.
559 3281 690 3335 reyul.
720 3284 786 3331 13,
819 3285 863 3332 2,
892 3282 950 3336 fr.
978 3281 1072 3326 Vat.
1104 3286 1168 3332 75,
1199 3282 1303 3337 Dry.
1334 3287 1376 3332 2,
1410 3286 1474 3331 14,
1506 3284 1541 3330 7,
1573 3284 1617 3323 2.
1658 3283 1693 3329 7,
1723 3283 1760 3329 1,
1787 3283 1857 3330 25,
1887 3283 1925 3324 1.

203 3348 389 3405 Scripsit
418 3347 499 3391 sub
529 3347 751 3391 Antonino
782 3349 860 3391 Pio
891 3348 994 3404 Diy.
1014 3352 1082 3400 31,
1103 3353 1170 3392 57.
1200 3352 1267 3400 33,
1290 3353 1333 3401 2,
1355 3353 1425 3392 23.
1459 3352 1526 3398 49,
1550 3351 1615 3398 14,
1636 3350 1675 3390 5.
