2202 3724
142 285 311 322 NICIAS
1006 280 1090 323 405
1370 336 1374 339 .
1707 287 1955 326 NICOLAVS

141 418 196 460 62
225 417 395 474 Nicias,
438 417 574 472 Cous,
618 417 887 475 temporibus
918 417 1147 462 Strabonis
1178 419 1221 460 in
1253 417 1316 461 Co
1347 418 1491 462 insula
1517 419 1807 476 principatum
1835 434 1955 462 exer-

226 494 376 530 cuerat
406 487 688 545 (τυραννήσας)
717 487 877 531 Strabo
906 490 972 538 14,
1003 491 1048 538 2,
1078 491 1133 530 19
1153 503 1202 543 Ρ.
1225 491 1318 531 658.

139 556 195 598 63
225 556 355 610 Nico,
387 556 704 611 Pergamenus,
746 562 969 611 geometra
998 563 1042 599 et
1070 556 1355 611 architectus,
1398 563 1523 613 pater
1551 556 1763 612 (Claudii)
1797 556 1953 600 Galeni

227 623 389 667 Suidas
416 637 450 666 s.
480 637 518 666 v.
550 623 730 681 Γαληνός
758 624 942 679 (nornine
971 638 1055 666 non
1075 626 1218 679 posito
1247 628 1505 667 memoratur
1535 640 1563 667 a
1590 625 1755 668 Galeno
1787 640 1881 680 οΡΡ.
1914 625 1955 667 V

218 706 267 746 p.
284 695 351 734 17.
366 695 434 736 40.
467 691 588 746 ΠΡ.
599 695 691 735 755.
708 695 802 734 783.
822 692 872 734 X
880 708 927 747 p.
943 696 1034 737 609.
1062 693 1190 735 XIV
1196 708 1240 747 p.
1258 696 1355 738 608.
1382 693 1428 735 Χ
1440 693 1560 748 le.
1577 696 1679 737 223.
1699 693 1879 748 Xlxp.
1897 697 1954 736 43

228 760 290 803 ed.
313 759 502 815 Kuehn).
552 760 623 803 Ab
654 761 795 803 eodem
826 761 890 816 (ut
918 762 1094 804 coniecit
1124 761 1326 815 Sehoene)
1356 761 1521 804 videtur
1541 763 1710 816 positus
1740 766 1768 804 t.
1795 762 1957 817 Perya-

225 843 370 872 menus
395 829 520 872 OIG.
540 832 662 880 3547,
695 830 750 883 ef.
781 829 975 872 Frankel
1004 830 1170 872 Insehr.
1200 844 1238 872 υ.
1266 830 1507 885 Peryamon
1536 831 1595 873 ad
1622 845 1664 873 n.
1685 834 1781 874 333.

139 899 195 941 64
225 898 497 953 Nicocrates,
538 898 931 953 Lacedaemonius,
974 898 1122 940 aridus
1164 906 1208 941 et
1242 906 1448 941 exsuctus
1489 898 1754 943 declamator
1793 900 1957 944 Seneca

222 981 342 1014 suas„
366 970 411 1018 2,
442 970 517 1017 22,
550 970 681 1011 contr.
715 971 752 1018 7,
783 971 823 1018 5,
853 971 919 1010 14.

138 1036 193 1078 65
223 1035 440 1090 Nicolaus,
459 1035 772 1078 Damascenus.
794 1034 859 1089 C'f.
874 1035 1061 1078 Mueller
1076 1036 1303 1090 frayment.
1319 1036 1416 1080 hist.
1437 1036 1592 1079 Graec.
1608 1036 1699 1079 III
1701 1039 1957 1092 p.3433eq.,·

223 1104 424 1159 Dindorf
446 1104 543 1148 hist.
572 1103 726 1148 Graec.
755 1105 857 1146 min.
889 1104 923 1146 I
937 1119 984 1158 Ρ.
1007 1104 1096 1146 ΙΙΙ
1106 1117 1215 1158 seq.;
1246 1104 1456 1147 Schuerer
1483 1104 1632 1149 Gesch.
1664 1104 1703 1149 d.
1727 1104 1955 1159 ju‘dz'sehen

229 1172 353 1216 Volks
381 1173 416 1216 I
420 1174 436 1198 ²
460 1188 508 1228 Ρ.
537 1175 598 1216 42
628 1186 710 1226 seq.
776 1173 914 1215 Natus
945 1173 1062 1214 circa
1091 1187 1130 1214 a.
1161 1189 1202 1215 u.
1235 1187 1271 1215 c.
1303 1174 1388 1215 690
1429 1174 1610 1230 (quippe
1644 1173 1955 1227 sexagenarius

223 1241 326 1296 fere,
359 1256 456 1284 cum
480 1240 678 1284 Herodes
705 1247 901 1283 mortuus
933 1247 998 1283 est
1025 1241 1115 1295 ipse
1146 1240 1196 1283 cle
1224 1241 1315 1283 vita
1343 1254 1424 1284 sua
1452 1242 1510 1295 fr.
1530 1244 1558 1285 5
1579 1256 1628 1297 Ρ.
1648 1244 1733 1285 353
1755 1241 1955 1292 Mueller,

218 1326 266 1366 Ρ.
287 1314 367 1353 143
395 1310 565 1364 Dina),
606 1308 861 1366 parentibus
891 1309 1124 1365 Antipatro
1167 1316 1210 1351 et
1239 1309 1483 1352 Stratonice
1513 1310 1674 1353 Suidas
1703 1324 1737 1353 s.
1765 1324 1802 1352 v.
1838 1308 1953 1353 Ἀντί-

222 1395 390 1436 πατροςε
421 1379 556 1421 frater
577 1378 852 1421 Ptolemaeus
868 1377 1030 1422 Suidas
1051 1378 1075 1422 l.
1098 1392 1146 1432 e.,
1178 1378 1345 1433 Ioseph.
1369 1382 1456 1421 ant.
1475 1381 1539 1429 17,
1557 1382 1596 1429 9,
1612 1382 1651 1429 4,
1677 1378 1770 1421 bell.
1787 1382 1830 1429 2,
1848 1382 1892 1429 2,
1909 1382 1951 1421 3.

221 1446 468 1491 Familiaris
498 1449 614 1503 regis
642 1447 832 1490 Herodis
859 1447 948 1501 ipse
975 1447 1025 1489 de
1053 1447 1144 1489 vita
1172 1460 1252 1489 sua
1281 1448 1339 1501 fr.
1360 1451 1387 1489 4
1407 1462 1456 1502 Ρ.
1477 1449 1559 1490 350
1581 1447 1758 1499 Muell.,·
1786 1446 1953 1501 Ioseph.

223 1520 310 1559 ant.
333 1520 398 1571 17,
420 1519 459 1567 5,
481 1520 509 1559 4
527 1519 601 1560 cet.
650 1515 848 1571 Augusto
870 1530 1043 1572 quoque
1071 1516 1315 1558 insinuatus
1335 1515 1583 1558 Athenaeus
1602 1515 1730 1558 XIV
1741 1531 1790 1570 Ρ.
1811 1517 1958 1565 652α;

223 1585 402 1628 Photius
430 1585 519 1627 eod.
541 1587 642 1636 189‚·
673 1584 835 1628 Suiclas
857 1597 891 1626 s.
921 1598 959 1626 v.
981 1583 1178 1631 Νικόλαος
1197 1584 1476 1641 Δαμασκηνός.
1526 1584 1598 1639 (In
1626 1585 1720 1626 eius
1750 1584 1955 1626 honorem

225 1653 280 1696 ab
310 1654 510 1708 Augusto
545 1654 690 1696 nescio
722 1668 833 1710 quae
862 1652 1106 1709 palmarum
1134 1667 1264 1709 poma
1292 1653 1363 1695 vel
1393 1667 1505 1710 quae
1536 1652 1760 1709 placentae
1788 1652 1956 1695 Nicolai

225 1722 431 1780 appellati
461 1722 581 1765 Plut.
604 1725 762 1777 quaest.
780 1735 898 1765 conv.
919 1724 960 1772 8,
981 1725 1021 1773 4,
1052 1721 1298 1764 Athenaeus
1320 1721 1347 1764 l.
1371 1736 1419 1772 e„
1451 1721 1636 1764 Photius
1666 1722 1693 1764 l.
1715 1735 1762 1776 e.,
1796 1721 1958 1765 Suidas

226 1792 253 1834 l.
284 1806 318 1834 e.
351 1792 406 1846 ef.
437 1791 558 1834 Plin.
588 1790 629 1833 h.
659 1805 700 1834 n.
731 1794 798 1842 13,
829 1793 884 1834 45
919 1794 958 1833 et
988 1794 1218 1846 praeterea
1260 1791 1446 1833 Mueller
1481 1790 1509 1834 l.
1546 1805 1581 1834 e.
1609 1806 1658 1846 Ρ.
1682 1794 1765 1833 343
1798 1793 1885 1833 not.
1914 1794 1954 1840 3,

223 1860 425 1915 Dindorf
453 1860 480 1903 l.
509 1874 543 1904 e.
566 1874 614 1914 Ρ.
647 1859 714 1915 V.)
782 1860 972 1915 Legatos
1016 1859 1222 1903 Indorum
1262 1860 1317 1902 ad
1357 1859 1606 1914 Augustum
1649 1860 1803 1902 missos
1845 1859 1957 1901 vidit

223 1928 483 1972 Antiochiae
516 1926 647 1981 (anno
679 1931 729 1971 ut
760 1928 926 1971 videtur
956 1931 1056 1979 734,
1094 1928 1150 1982 ef.
1182 1928 1381 1971 Momms.
1414 1928 1473 1971 acl
1503 1942 1613 1972 mon.
1643 1927 1806 1983 Aneyr.
1836 1927 1899 1972 ed.
1925 1931 1957 1971 2

220 2013 267 2053 Ρ.
291 2000 388 2054 131)
428 1998 518 2052 ipse
550 2011 619 2052 αΡ.
657 1997 912 2040 Strabonem
942 1999 1008 2047 15,
1030 2001 1069 2047 1,
1094 2000 1146 2039 73
1172 2012 1222 2051 Ρ.
1246 2001 1338 2039 719.
1402 1997 1623 2039 Herodem
1654 1997 1883 2039 comitatus
1911 1997 1955 2037 in

220 2066 372 2109 Asiam
407 2081 485 2123 per
514 2080 614 2108 eum
645 2065 701 2108 ab
731 2065 930 2122 Agrippa
958 2065 1189 2108 Iliensibus
1221 2066 1517 2108 remissionem
1546 2065 1709 2108 multae
1739 2065 1953 2120 impetrat,

221 2151 309 2192 qua
337 2135 392 2178 ab
422 2134 622 2191 Agrippa
650 2133 820 2177 multati
855 2141 979 2176 erant
1008 2135 1097 2188 ipse
1126 2135 1183 2188 fr.
1204 2137 1232 2176 3
1258 2149 1300 2188 Ρ.
1321 2137 1402 2176 350
1425 2134 1624 2185 Mueller,
1647 2149 1696 2188 Ρ.
1718 2137 1798 2177 139
1819 2133 1954 2176 Dincl.

219 2204 271 2246 A.
309 2204 392 2247 740
427 2203 495 2259 (de
530 2206 712 2258 tempore
743 2203 799 2257 ef.
831 2202 1041 2246 Sehuerer
1070 2203 1105 2245 Ι
1108 2202 1125 2226 2
1148 2218 1197 2257 Ρ.
1219 2202 1322 2252 302)
1356 2202 1567 2244 mandatu
1598 2202 1789 2245 Herodis
1819 2202 1954 2244 verba

220 2272 326 2314 facit
353 2287 430 2328 pro
462 2271 637 2314 Iudaeis
667 2271 800 2314 Asiae
835 2286 981 2314 coram
1020 2271 1081 2314 M.
1112 2270 1311 2328 Agrippa
1340 2271 1547 2326 Iosephus
1576 2275 1661 2314 ant.
1695 2274 1762 2322 16,
1792 2274 1836 2322 2,
1866 2274 1954 2314 3-5

218 2341 274 2395 ef.
303 2344 374 2392 12,
403 2343 443 2391 3,
475 2344 518 2385 2.
574 2340 796 2382 Herodem
820 2341 1000 2382 Romam
1033 2340 1264 2382 comitatur
1294 2342 1339 2382 in
1370 2340 1523 2382 eadem
1553 2340 1657 2382 navi
1686 2346 1838 2382 vectus
1867 2340 1956 2393 ipse

217 2411 274 2464 fr.
295 2413 323 2451 4
343 2423 393 2464 Ρ.
412 2410 492 2451 351
524 2408 723 2458 Mueller,
746 2423 795 2462 Ρ.
818 2411 897 2450 140
917 2407 1051 2452 Dind.
1103 2407 1212 2451 Cum
1243 2408 1471 2463 Augustus
1502 2408 1668 2450 Herodi
1699 2409 1957 2472 irasceretur

216 2484 394 2535 propter
415 2476 580 2520 bellum
600 2478 646 2519 in
660 2476 826 2519 Arabia
843 2483 1019 2530 motum,
1042 2476 1250 2519 Nicolaus
1267 2478 1445 2519 Romam
1469 2478 1628 2519 missus
1650 2478 1955 2534 imperatorem

219 2547 411 2604 placavit
439 2546 529 2600 ipSe
559 2545 610 2588 (le
635 2547 725 2588 vita
751 2559 832 2588 sua
859 2546 916 2599 fr.
947 2548 973 2588 5
1005 2546 1072 2600 (Ρ.
1093 2549 1176 2588 351
1209 2544 1405 2600 Muell.),·
1434 2545 1600 2599 Ioseph.
1634 2548 1719 2588 ant.
1752 2549 1818 2595 16,
1848 2550 1887 2596 9,
1914 2550 1953 2587 4.

217 2619 282 2666 16,
314 2619 379 2666 10,
410 2617 450 2657 8.
511 2614 677 2656 Herodi
718 2614 772 2656 de
813 2613 1027 2670 supplicio
1066 2614 1253 2656 filiorum
1296 2613 1552 2655 deliberanti
1594 2614 1768 2656 mitiora
1802 2614 1956 2656 suadet

217 2685 306 2739 ipse
336 2683 363 2726 l.
395 2697 428 2727 e.
461 2684 528 2737 (Ρ.
558 2685 644 2726 352
674 2682 862 2737 Muell.),·
901 2683 1068 2737 Ioseph.
1113 2686 1200 2726 ant.
1233 2687 1298 2733 16,
1330 2686 1395 2732 11,
1426 2685 1466 2725 3.
1525 2682 1737 2724 Mandatu
1767 2683 1954 2725 Herodis

218 2752 538 2795 accusationem
555 2751 775 2807 Antipatri
801 2752 971 2807 peragit
997 2766 1141 2793 coram
1159 2750 1399 2804 Quinctilio
1418 2751 1535 2793 Varo
1555 2751 1644 2805 ipse
1665 2751 1692 2794 l.
1709 2764 1768 2802 e.;
1787 2751 1952 2805 Ioseph.

219 2824 306 2864 ant.
341 2823 407 2871 17,
427 2822 466 2871 5,
486 2823 588 2870 4-6,
622 2819 713 2862 bell.
735 2823 774 2870 1,
795 2823 866 2870 32,
887 2823 928 2862 3.
949 2823 987 2862 4.
1050 2820 1223 2862 Mortuo
1262 2819 1437 2861 Herode
1472 2818 1737 2861 Archelaum
1771 2819 1953 2861 Romam

219 2890 448 2932 comitatus
478 2890 568 2943 τῬεε
593 2888 619 2931 l.
643 2903 676 2931 e.
709 2888 776 2943 (Ρ.
797 2892 879 2932 353
900 2888 1067 2939 Muell„
1090 2904 1139 2943 Ρ.
1162 2891 1242 2931 143
1260 2888 1439 2944 De'nd.);
1467 2888 1634 2943 Ioseph.
1654 2891 1741 2930 ant.
1765 2891 1830 2938 17,
1852 2892 1891 2937 9,
1912 2891 1951 2937 3,

222 2958 319 3002 bell.
340 2961 384 3008 2,
405 2961 449 3008 2,
472 2961 510 3012 1,
544 2972 717 3000 causam
739 2958 830 2999 eius
859 2959 950 3012 agit
975 2972 1120 2999 coram
1141 2957 1338 3010 Augusto
1360 2958 1450 3011 ipse
1471 2957 1497 2999 l.
1522 2971 1554 3001 c,
1578 2955 1646 3010 (Ρ.
1662 2959 1743 2998 354
1760 2956 1955 3010 Muell.);

220 3026 386 3081 Ioseph.
408 3029 496 3068 ant.
517 3029 584 3076 17,
607 3029 646 3076 9,
667 3030 705 3068 6.
727 3029 794 3076 17,
816 3029 882 3076 11,
903 3029 943 3076 3,
978 3026 1070 3068 bell.
1093 3030 1137 3076 2,
1159 3030 1202 3076 2,
1225 3029 1263 3068 6.
1283 3029 1322 3069 7.
1343 3029 1389 3076 2,
1411 3029 1448 3076 6,
1470 3028 1514 3068 2.
1566 3025 1736 3067 Monitu
1763 3024 1952 3066 Herodis

222 3095 443 3137 historiam
475 3093 664 3136 scribere
693 3108 924 3149 aggressus
950 3095 1039 3149 ipse
1060 3094 1109 3137 de
1128 3095 1218 3136 vita
1237 3108 1318 3136 sua
1342 3095 1399 3148 fr.
1421 3097 1447 3135 4
1470 3108 1513 3147 Ρ.
1537 3097 1617 3135 351
1639 3092 1803 3143 Muell,
1825 3092 1952 3134 libro-

221 3178 318 3206 rum
357 3170 530 3205 centum
573 3162 863 3218 quadraginta
901 3169 1106 3219 quattuor
1135 3162 1381 3205 Athenaeus
1411 3161 1480 3204 VI
1493 3175 1541 3215 Ρ.
1563 3164 1688 3204 249α
1725 3160 1951 3214 (librorum

223 3233 442 3286 octoginta
463 3231 628 3274 Surdas
646 3232 786 3273 minus
805 3232 956 3285 reete);
988 3247 1072 3288 quo
1096 3232 1138 3272 in
1161 3246 1302 3287 opere,
1326 3238 1375 3272 ut
1395 3237 1744 3283 consentaneum,
1767 3229 1952 3283 gratiam

224 3300 414 3343 Herodis
444 3306 684 3355 aucupatus
714 3306 779 3341 est
803 3299 968 3354 Ioseph.
991 3303 1078 3342 ant.
1100 3303 1164 3350 16,
1190 3303 1226 3350 7,
1248 3304 1273 3341 1
1304 3300 1360 3352 ef.
1382 3302 1447 3348 14,
1470 3302 1508 3348 1,
1530 3301 1570 3340 3.
1619 3298 1802 3353 Scripsit
1830 3311 1951 3353 prae-

225 3377 343 3411 terea
373 3368 426 3412 de
459 3369 550 3411 vita
581 3367 792 3422 Caesaris,
826 3374 868 3410 et
897 3368 952 3410 de
982 3383 1060 3410 sua
1090 3369 1225 3425 ipsius
1253 3369 1344 3410 vita
1375 3366 1547 3416 Suidas,
1586 3367 1689 3408 item
1717 3365 1951 3423 παραδόξων
