2190 3724
131 268 316 308 FVLCIN
317 269 396 308 IVS
1013 264 1065 307 91
1729 269 1941 307 FVLVIVS

218 404 503 447 Mauretania
539 406 730 458 repertus
774 403 931 458 (Revue
971 403 1148 457 critique
1182 405 1293 445 1893
1324 417 1371 457 p.
1398 402 1506 457 156).
1576 403 1721 445 Filius
1760 404 1943 457 fortasse

213 472 260 517 0.
291 472 340 515 F
335 473 487 515 ulcinii
512 472 672 527 Optati,
705 472 829 514 VIII
851 474 970 514 9663.

132 542 216 584 348
246 541 469 583 Fulcinius
509 541 682 583 Priscus
723 538 965 594 (coynomen
1004 543 1065 582 est
1097 539 1200 594 Dz‘y.
1230 543 1296 590 31,
1327 543 1395 590 49,
1426 539 1473 594 2)
1513 547 1666 583 auctor
1704 541 1810 583 iuris
1839 541 1941 595 Βία.

215 613 287 661 24,
319 614 358 660 1,
388 613 471 661 29;
498 612 570 659 25,
599 612 638 659 1,
666 612 705 658 1,
725 611 775 659 3;
804 611 873 658 25,
894 611 939 658 2,
959 611 999 658 3,
1017 611 1068 658 4,·
1097 611 1166 658 25,
1188 611 1232 658 2,
1254 612 1303 659 6,·
1330 611 1397 659 31,
1418 612 1485 659 49,
1507 613 1563 660 2;
1591 613 1659 660 39,
1681 612 1720 660 6,
1741 613 1807 652 43.
1873 610 1942 664 Cf.

217 678 347 720 Lenel
367 678 666 732 palinyenesia
693 677 804 718 iuris
833 676 969 718 civilis
987 690 1037 730 p.
1059 679 1153 726 179,
1194 675 1356 727 Teuffel
1383 680 1482 727 342,
1504 681 1570 719 10.

131 747 216 789 349
246 753 290 789 L.
325 746 439 800 (C.?)
478 751 743 787 FVLCINIVS
780 750 897 786 TRIO
939 744 1220 798 (praenomen
1258 745 1309 786 L.
1341 748 1402 787 est
1439 746 1487 787 in
1525 746 1653 799 fastis·
1685 747 1870 789 Nolanis
1905 750 1944 789 et

216 814 443 856 Arvalium
471 814 548 856 sub
581 828 621 856 a.
651 816 724 864 31,
765 813 814 855 O.
845 814 892 855 in
928 813 1056 866 fastis
1084 812 1189 856 Arv.
1221 813 1297 855 sub
1330 827 1370 855 a.
1391 816 1471 864 24,
1506 815 1584 855 ubi
1610 815 1709 869 fieri
1727 819 1869 869 potest
1895 819 1943 857 ut

213 883 482 938 siqnificatur
510 883 650 936 frater
668 882 806 931 Lucii,
835 882 890 935 ef.
911 882 1060 936 infra).
1117 880 1300 924 Celebre
1331 883 1444 924 inter
1471 889 1741 925 accusatores
1770 885 1943 926 Trionis

217 953 436 1007 ingenium
483 952 570 993 iam
616 966 654 993 a.
688 952 762 1004 16,
813 964 914 992 cum
954 956 1179 992 accusaret
1220 949 1434 992 Libonem
1482 951 1581 993 Tae.
1614 966 1654 995 a.
1684 955 1739 1002 2,
1772 954 1843 995 28.
1874 955 1943 994 30.

217 1020 456 1062 Accusator
475 1020 646 1062 Pisonis
665 1034 703 1061 a.
720 1020 776 1061 20
798 1019 855 1062 ib.
877 1021 917 1069 3,
940 1022 1006 1062 10.
1028 1021 1093 1060 13.
1140 1017 1355 1060 ‘Fulcinio
1386 1019 1640 1074 suffragium
1672 1020 1728 1062 ad
1759 1020 1943 1063 honores

218 1088 434 1145 pollicitus
474 1087 713 1142 (Tiberius)
752 1088 943 1142 monuit,
986 1102 1040 1129 ne
1083 1086 1331 1129 facundiam
1372 1087 1579 1130 violentia
1623 1090 1941 1145 praecipitaret‘

216 1157 274 1199 ib.
296 1171 330 1199 e.
350 1160 417 1201 19.
462 1157 646 1198 Praetor
673 1157 929 1212 peregrinus
959 1170 998 1198 a.
1019 1156 1075 1198 24
1104 1156 1204 1209 fast.
1226 1156 1345 1206 Arv„
1378 1156 1561 1209 sortasse
1582 1157 1770 1199 diversus
1796 1172 1823 1199 a
1848 1172 1944 1200 eon-

215 1225 305 1268 sule
334 1240 375 1267 a.
395 1228 461 1275 31,
493 1239 587 1267 eum
607 1238 869 1279 praenomen
898 1224 954 1266 sit
974 1223 1023 1267 C.
1072 1223 1236 1266 Consul
1257 1225 1462 1266 suffectus
1493 1240 1530 1267 a.
1553 1226 1603 1267 3l
1632 1240 1686 1267 ex
1713 1225 1800 1268 kal.
1822 1226 1943 1268 Iuliis

216 1294 324 1348 fasti
354 1293 527 1344 Nolon„
558 1294 667 1347 fasti
694 1293 799 1335 Arv.
855 1292 1106 1335 Altercatur
1137 1294 1235 1334 cum
1265 1293 1314 1336 P.
1346 1293 1550 1335 Memmio
1581 1293 1747 1348 Regulo
1778 1294 1945 1350 collega

223 1362 321 1405 Tae.
345 1377 385 1404 a.
404 1365 445 1413 5,
465 1365 517 1404 11
545 1362 600 1416 ef.
622 1365 661 1412 6,
682 1365 721 1403 4.
763 1360 832 1403 Ob
862 1361 1096 1402 amicitiam
1126 1361 1271 1404 Seiani
1303 1368 1532 1403 accusatus
1563 1377 1642 1404 sua
1672 1369 1824 1418 sponte
1854 1363 1945 1405 obit

222 1431 320 1473 Tae.
343 1445 383 1473 a.
404 1434 443 1481 6,
463 1433 531 1481 38,
562 1429 651 1472 Dio
669 1432 737 1480 58,
759 1432 829 1473 25.

133 1500 217 1542 350
248 1498 473 1541 Fullonius
494 1499 756 1542 Saturninus
786 1498 994 1540 librorum
1022 1498 1264 1540 matheseos
1286 1500 1573 1554 peritissimus
1595 1500 1791 1542 conditor
1811 1500 1944 1554 Apol-

220 1568 376 1610 linaris
407 1567 611 1611 Sidon‘e'us
640 1582 702 1621 ep.
723 1570 764 1618 8,
785 1570 850 1618 11,
871 1571 938 1617 10,
970 1581 1101 1609 earm..
1123 1571 1186 1610 22
1206 1568 1350 1622 praef.

132 1637 212 1679 351
243 1635 482 1678 Fulvianus
512 1636 675 1678 amicus
697 1636 940 1690 Frontonis,
973 1635 1030 1678 ad
1060 1650 1191 1692 quem
1222 1636 1343 1678 dedit
1373 1636 1601 1692 epistulam
1632 1637 1690 1678 acl
1718 1651 1800 1679 am.
1822 1642 1860 1687 1,
1890 1642 1942 1680 19

218 1702 284 1759 (p.
305 1708 391 1748 172
412 1704 467 1758 ef.
490 1719 539 1759 p.
560 1707 646 1746 187
668 1704 815 1760 Nat).
878 1704 1001 1747 Idem
1041 1703 1223 1746 fortasse
1253 1705 1328 1761 qui
1371 1706 1492 1746 iussu
1525 1706 1627 1747 Veri
1672 1707 1943 1762 imperatoris

219 1773 484 1829 exemplaria
521 1773 764 1815 litterarum
804 1788 831 1814 a
865 1772 1049 1815 ducibus
1085 1772 1139 1814 ad
1171 1773 1337 1815 Verum
1372 1774 1628 1830 scriptarum
1670 1781 1713 1816 et
1753 1775 1943 1830 picturas

217 1841 424 1898 quasdam
456 1842 666 1883 Frontoni
697 1841 818 1883 dedit
847 1841 978 1883 Verus
1007 1842 1107 1895 τὐιΡ.
1131 1856 1198 1896 ap.
1223 1841 1484 1884 Frontonem
1514 1857 1576 1896 ep.
1599 1842 1658 1884 ad
1682 1842 1833 1885 Verum
1851 1847 1895 1894 2,
1916 1847 1944 1884 3

218 1911 284 1966 (p.
305 1913 384 1952 131
406 1909 554 1966 Nau),
583 1910 662 1952 ubi
689 1910 846 1952 dieitur
876 1909 1106 1952 Sallustius
1137 1917 1303 1964 noster,
1346 1925 1463 1952 nunc
1494 1911 1754 1963 Fulvianus,
1797 1911 1945 1954 deinde

215 1979 327 2021 nude
355 1978 611 2021 Fulvianus.

145 2048 207 2078 -Ῑ
245 2054 298 2090 M.
327 2054 565 2089 ANNAEVS
595 2054 827 2089 MAXIMVS
857 2054 1047 2098 AQVILA
1077 2054 1375 2092 FVLVIANVS.

144 2141 203 2146 —
245 2116 535 2171 VALOERIVS)
567 2122 823 2158 CRESCENS
856 2117 1192 2170 FVLV[1]ANVS.

131 2186 215 2228 352
244 2191 469 2240 FVLVIVS,
502 2200 529 2226 a
558 2185 788 2226 Pertinace
816 2184 993 2226 Africae
1023 2184 1280 2241 proconsule
1310 2185 1550 2239 damnatus,
1573 2201 1599 2227 a
1619 2185 1753 2227 Didio
1775 2185 1943 2228 Iuliano

219 2260 268 2295 ut
288 2253 461 2295 videtur
482 2253 632 2295 Severi
662 2254 804 2307 gratia
823 2254 867 2295 in
890 2254 1041 2309 primis
1062 2260 1283 2310 promotus
1304 2254 1468 2308 (nescio
1490 2254 1546 2296 ad
1567 2269 1696 2310 quem
1718 2254 1943 2309 honorem)

218 2321 307 2364 Dio
335 2335 421 2364 exe.
454 2321 545 2364 Val.
569 2336 616 2376 p.
640 2324 720 2364 730
750 2319 828 2374 (acl
856 2324 921 2372 73,
945 2321 1030 2374 17).

132 2392 216 2433 353
246 2397 458 2432 FVLVIVS
489 2389 730 2447 praefectus
760 2389 858 2432 urbi
890 2389 972 2432 sub
1002 2389 1254 2444 Elagabalo,
1286 2405 1324 2432 a.
1357 2392 1441 2433 222
1471 2406 1496 2432 a
1526 2390 1684 2447 populo
1715 2390 1943 2433 militibus-

218 2474 303 2516 que
331 2459 573 2516 discerptus
602 2458 690 2501 Dio
712 2462 778 2509 79,
798 2462 869 2502 21.
909 2457 1105 2500 Eundem
1134 2472 1221 2500 esse
1251 2472 1345 2500 eum
1370 2459 1527 2502 Fulvio
1547 2459 1816 2514 Dioyeniano
1847 2474 1942 2502 eon-

217 2528 316 2569 ieeit
344 2527 557 2582 Boryhesi
584 2541 679 2581 opp.
701 2530 727 2569 9
749 2541 797 2581 Ρ.
819 2530 914 2569 356.

133 2597 216 2639 354
246 2595 445 2648 Fulvius,
470 2598 635 2638 amicus
657 2596 842 2650 Augusti
864 2596 990 2647 senis,
1013 2610 1112 2637 cum
1133 2596 1225 2637 eius
1246 2595 1374 2652 culpa
1395 2603 1585 2638 secretae
1605 2611 1734 2639 voces
1755 2597 1942 2653 Augusti

217 2664 274 2707 ad
294 2665 467 2706 Liviam
487 2664 679 2720 perlatae
700 2671 854 2718 essent,
887 2664 968 2706 sibi
991 2665 1082 2720 ipse
1106 2666 1289 2706 mortem
1319 2666 1530 2707 conscivit
1560 2681 1647 2707 una
1675 2681 1774 2708 cum
1807 2682 1943 2708 uxore

219 2733 481 2776 Plutarchus
519 2733 568 2776 cle
603 2733 859 2788 yarrulitate
886 2748 934 2787 p.
963 2735 1047 2775 508
1057 2733 1112 2775 Α.
1178 2733 1447 2787 Intelleyv'tur
1484 2735 1575 2776 sine
1614 2733 1742 2776 dubio
1781 2734 1943 2776 Fabius

217 2802 436 2844 Maximus
465 2801 538 2857 (F.
564 2804 651 2859 38),
679 2802 758 2844 ubi
784 2801 891 2844 vide.

133 2872 216 2914 355
246 2877 290 2915 L.
333 2876 546 2912 FVLVIVS
589 2903 730 2914 .....
776 2876 818 2912 C.
862 2876 1106 2912 BRVTTIVS
1154 2876 1412 2912 PRAESENS
1459 2876 1556 2911 MIN
1689 2877 1940 2912 VALERIVS

218 2945 450 2980 MAXIMVS
470 2944 720 2980 POMPEIVS
751 2945 782 2979 L
799 2971 942 2982 .....
964 2944 1162 2980 VALENS
1195 2944 1477 2980 CORNELIVS
1508 2944 1764 2980 PROCVLVS
1799 2971 1941 2983 .....

217 3013 451 3058 AQvlles
500 3013 724 3048 VEIENTO
766 3006 844 3059 (sie
882 3007 930 3049 X
964 3009 1069 3057 408,
1119 3007 1207 3049 m'sz'
1252 3006 1363 3060 quod
1402 3021 1663 3061 praenomen
1710 3006 1758 3050 C.
1810 3007 1944 3057 deest;

219 3074 269 3120 O.
300 3076 496 3117 Bruttius
526 3076 736 3117 Praesens
767 3075 835 3118 VI
858 3078 969 3118 7582
996 3074 1072 3118 ΙΧ
1096 3078 1231 3126 4512;
1269 3076 1316 3117 in
1350 3075 1638 3118 consulatibus
1666 3075 1715 3119 C.
1748 3076 1942 3117 Bruttius

220 3144 430 3185 Praesens
461 3142 620 3186 V7465
660 3143 728 3186 VI
740 3147 899 3194 10234,
931 3143 980 3186 C.
1011 3144 1193 3186 Brittius
1214 3144 1427 3186 Praesens
1459 3143 1658 3197 VI1979‚
1691 3144 1943 3185 ..Bruttius

220 3213 431 3254 Praesens
462 3210 530 3253 VI
542 3214 662 3262 1984,
694 3245 728 3254 ..
750 3212 978 3267 Brutt[i]us
1000 3211 1241 3266 Praes[ens]
1269 3211 1370 3266 dipl.
1392 3211 1480 3256 mil.
1514 3213 1620 3254 anni
1638 3214 1729 3260 153,
1752 3211 1941 3265 plerum-

218 3294 296 3333 que
308 3281 532 3331 Praesens,
548 3280 790 3338 [Β]ροΰττιος
804 3281 1084 3338 Λ[α]τειριανός
1099 3284 1126 3323 t.
1139 3281 1400 3335 Amoryv'nus
1416 3280 1516 3322 bull.
1534 3280 1583 3321 de
1600 3294 1707 3321 corr.
1724 3279 1817 3320 hell.
1831 3282 1941 3321 1891

214 3364 264 3404 Ρ.
278 3351 361 3391 574
390 3362 532 3391 errore
554 3352 603 3391 ut
621 3349 814 3402 videtur).
836 3373 893 3379 —-
918 3349 1082 3391 Titulus
1104 3349 1305 3391 Lucanus
1327 3349 1377 3390 X
1393 3351 1476 3390 408
1501 3348 1585 3401 (1);
1614 3350 1871 3389 memoratur
1897 3348 1941 3390 in
