2202 3724
108 267 275 306 IVLIVS
973 262 1053 306 161
1748 270 1916 306 IVLIVS

197 397 371 442 eandem
389 411 478 441 rem
493 397 722 452 adscripsit
734 397 960 448 Eusebius)
976 397 1191 453 legatione
1211 404 1410 455 suscepta
1427 413 1506 455 pro
1522 399 1618 441 vieo
1633 397 1917 450 Palaestinae,

201 467 271 509 cui
300 480 457 508 nomen
486 466 714 521 Emmaus,
757 467 825 509 ius
856 467 1043 509 civitatis
1074 472 1117 509 et
1145 481 1301 509 nomen
1331 466 1551 523 Nicopolis
1581 467 1652 522 (cf.
1684 467 1920 511 Mommsen

196 534 286 578 III
307 534 356 578 S.
377 549 426 589 p.
447 537 575 591 1216)
614 535 653 576 ei
684 535 778 577 vico
819 535 1069 591 impetravit
1094 534 1307 578 Eusebius
1336 534 1476 578 chron.
1508 535 1567 578 ad
1594 549 1634 579 a.
1664 534 1773 579 Abr.
1804 538 1922 579 2237

195 603 251 657 cf.
290 602 574 657 Hieronymus
617 602 667 645 de
703 603 781 647 vir.
821 602 883 646 ill.
924 617 957 645 c.
989 606 1066 654 63;
1110 602 1330 658 Syncellus
1357 617 1407 657 p.
1438 606 1519 646 676
1556 603 1698 646 Bonn.
1766 602 1920 645 Eidem

194 670 447 714 Alexandro
486 675 637 714 κεστῶν
676 670 812 713 libros
851 670 1071 714 dedicavit
1101 670 1321 726 Syncellus
1349 671 1376 715 l.
1409 685 1442 713 0.
1503 670 1720 714 Chronica
1749 673 1922 727 scripsit

196 739 438 782 desinentia
480 740 525 781 in
562 739 758 782 Macrino
806 738 992 782 Photius
1039 739 1140 782 bibl.
1181 739 1270 782 cod.
1310 742 1376 782 34.
1450 739 1518 782 De
1561 739 1627 782 his
1670 739 1922 794 reliquisque

195 808 366 862 εον-ἱρῆς
405 808 494 850 eius
535 808 590 862 cf.
620 807 677 850 H.
706 807 858 850 Geleer
887 807 1041 851 Serestus
1081 807 1221 850 Iulius
1249 807 1489 861 Africanus
1526 808 1616 850 und
1654 808 1721 851 die
1756 809 1920 864 byzant.

195 875 545 931 Glzronoyraphie
574 874 709 930 (Laos.
740 875 866 930 1880)
897 876 930 918 Ι
943 890 992 930 p.
1014 879 1073 919 12
1092 889 1173 929 seq.
1584 924 1603 929 ..

112 957 167 1000 83
195 955 334 999 Iulius
363 954 561 1010 Agrestis
601 956 820 1006 centurio,
862 956 1019 997 missus
1060 970 1086 997 a
1119 954 1296 997 Vitellio
1327 955 1382 997 ad
1412 956 1528 998 vires
1559 956 1748 999 hostium
1778 953 1923 1010 explo-

198 1023 367 1079 randas,
397 1023 644 1066 voluntaria
673 1029 811 1065 morte
841 1024 901 1065 eis
932 1037 1045 1079 quae
1076 1023 1241 1066 rettulit
1264 1023 1395 1066 fidem
1421 1023 1589 1067 addidit
1614 1025 1713 1067 Tac.
1734 1023 1774 1068 h.
1795 1026 1834 1074 3,
1854 1025 1921 1066 54.

111 1105 167 1147 84
198 1109 276 1147 CN.
306 1110 471 1146 IVLIVS
500 1109 754 1146 AGRICOLA
785 1102 862 1155 (sic
897 1103 996 1146 Tac.
1017 1102 1125 1158 ΑΨ.
1146 1106 1196 1154 4;
1226 1102 1314 1146 Dio
1335 1106 1409 1154 66,
1436 1107 1520 1156 20,·
1547 1104 1688 1147 Iulius
1718 1102 1924 1158 Agricola

198 1172 417 1227 mscm'ptio
447 1171 653 1214 codicum-
670 1171 774 1214 libri
806 1171 990 1222 Tacitei,
1023 1174 1254 1225 praeterea
1283 1171 1519 1227 Agricola).
1579 1172 1645 1226 Cf.
1684 1172 1731 1215 0.
1763 1173 1814 1214 L.
1846 1171 1923 1215 Ur-

197 1240 301 1284 lichs
332 1240 381 1283 de
409 1240 499 1282 vita
527 1243 567 1282 et
592 1239 822 1282 honoribus
840 1239 1072 1294 Ayrieolae
1094 1238 1301 1291 (Wirceb.
1322 1236 1462 1297 1868).
1507 1241 1646 1283 Natus
1668 1240 1715 1283 C.
1739 1240 1926 1284 Caesare

196 1316 262 1352 ter
290 1307 466 1351 consule
497 1309 541 1362 (i.
565 1322 601 1350 e.
623 1323 661 1350 a.
683 1309 757 1362 40)
794 1308 892 1350 Tac.
915 1321 948 1350 c.
970 1311 1025 1350 44.
1055 1305 1190 1361 (quem
1221 1322 1379 1350 annum
1408 1309 1759 1363 impuynarerzmt
1788 1308 1924 1358 multi,

196 1378 251 1432 cf.
282 1377 387 1421 Wex
426 1377 484 1419 ad
525 1377 624 1419 Tae.
653 1376 761 1432 ΑΨ.
794 1391 843 1431 p.
874 1380 956 1420 199
984 1390 1091 1430 seq„
1132 1379 1294 1418 tutatus
1335 1381 1395 1419 est
1415 1381 1518 1431 post
1548 1378 1657 1420 alios
1689 1377 1926 1420 Illommsen

196 1446 384 1491 Staatsr.
405 1445 476 1496 12,
497 1448 578 1488 556
606 1448 690 1489 not.
717 1445 760 1500 1)
791 1445 934 1487 idibus
968 1445 1106 1487 Iuniis
1141 1445 1241 1489 Tac.
1265 1445 1291 1487 l.
1315 1459 1362 1500 c.,
1395 1446 1627 1500 Foroiulii,
1661 1452 1783 1503 patre
1812 1445 1924 1487 Iulio

196 1514 434 1566 Graecino,
475 1520 613 1556 matre
649 1513 763 1556 Iulia
804 1513 1012 1568 Procilla,
1052 1527 1133 1556 avo
1179 1520 1365 1570 utroque
1410 1521 1688 1570 procuratore
1729 1513 1925 1557 Caesaris

199 1583 297 1626 Tac.
330 1596 365 1626 0.
395 1586 434 1626 4.
493 1581 714 1625 Educatus
751 1582 971 1624 Massiliae
1008 1582 1066 1627 ib.
1127 1582 1348 1624 Tribunus
1385 1582 1572 1625 militum
1611 1584 1657 1625 111
1699 1583 1927 1624 Britannia

195 1665 230 1694 0.
262 1653 301 1696 5.
360 1651 522 1694 Romae
552 1665 735 1693 uxorem
774 1650 897 1693 ducit
926 1651 1163 1692 Domitiam
1193 1650 1479 1693 Decidianam
1509 1665 1542 1695 0.
1571 1655 1608 1693 6.
1668 1650 1827 1693 Filium
1870 1666 1926 1692 ex

196 1735 247 1762 ea
276 1718 398 1774 tollit,
431 1734 562 1776 quem
591 1719 716 1762 brevi
746 1726 844 1776 post
874 1719 1018 1761 amisit
1046 1719 1102 1762 ib.
1147 1718 1363 1772 Quaestor
1391 1720 1641 1776 provinciae
1669 1719 1799 1761 Asiae
1828 1734 1924 1776 pro·

196 1787 373 1831 consule
403 1787 552 1831 Salvio
583 1788 756 1830 Titiano
788 1788 844 1842 (a,
876 1787 983 1842 645³)
1014 1788 1071 1830 ib.
1132 1787 1333 1843 Augetur
1368 1787 1429 1830 ibi
1469 1787 1559 1831 filia
1588 1789 1645 1831 ib.
1705 1786 1925 1830 Tribunus

196 1857 254 1914 pl.
285 1857 342 1900 ib.
402 1857 585 1899 Praetor
623 1856 679 1910 (a.
711 1856 766 1899 68
797 1862 846 1899 ut
875 1855 1071 1911 videtur,
1114 1862 1230 1898 certe
1264 1871 1351 1899 non
1381 1857 1549 1913 postea)
1578 1857 1636 1899 ib.
1695 1855 1872 1899 Electus
1900 1870 1927 1897 a

194 1924 336 1969 Galba
355 1924 412 1967 ad
437 1924 550 1967 dona
570 1924 830 1981 templorum
851 1924 1200 1979 recognoscenda
1219 1925 1276 1967 ib.
1314 1925 1498 1967 Matrem
1520 1925 1677 1967 amittit
1698 1940 1736 1966 a.
1754 1925 1809 1967 69
1830 1938 1863 1966 0.
1887 1927 1923 1966 7.

195 1993 266 2037 Ad
295 1993 518 2036 sollemnia
537 1994 708 2050 pietatis
734 1993 967 2050 profectus,
990 1999 1167 2049 accepto
1195 1994 1349 2036 nuntio
1380 1993 1434 2035 de
1464 1994 1644 2050 imperio
1665 1993 1924 2050 Vespasiani

130 2071 143 2073 ”
196 2063 241 2105 111
262 2069 406 2119 partes
428 2062 520 2104 eius
542 2062 858 2117 transgreditur
876 2062 934 2105 ib.
974 2061 1016 2104 A
1036 2061 1240 2104 Muciano
1261 2062 1416 2104 missus
1437 2061 1494 2104 ad
1516 2061 1699 2104 dilectus
1719 2059 1923 2117 agendo-⁴3,

195 2146 300 2174 mox
318 2132 588 2187 praepositus
609 2130 769 2185 legioni
784 2130 877 2173 XX
892 2129 1093 2174 Valeriae
1114 2131 1296 2174 Victrici
1317 2131 1362 2172 in
1382 2131 1611 2173 Britannia
1630 2131 1687 2174 ib.
1718 2129 1925 2173 Adscitus

188 2202 309 2254 ,inter
338 2200 542 2256 patricios
572 2214 599 2241 a
627 2199 897 2255 Vespasiano
928 2199 984 2252 (a.
1015 2199 1087 2253 73)
1118 2212 1152 2241 0.
1184 2202 1224 2243 9.
1284 2199 1475 2254 Legatus
1505 2200 1757 2256 provinciae
1787 2198 1924 2254 Aqui-

195 2268 339 2311 taniae
376 2268 518 2310 minus
558 2269 744 2310 triennio
785 2269 841 2322 (a.
875 2267 1062 2322 74—76)
1093 2268 1150 2310 ib.
1218 2266 1382 2311 Consul
1421 2267 1645 2321 (suffectus
1685 2283 1723 2310 a.
1754 2267 1826 2321 77)
1866 2266 1924 2309 ib.

199 2335 362 2380 Consul
392 2336 545 2379 Tacito
574 2335 707 2378 filiam
738 2335 995 2393 despondet,
1036 2342 1134 2392 post
1159 2335 1430 2378 consulatum
1461 2335 1642 2378 collocat
1670 2336 1727 2378 ib.
1779 2335 1924 2377 Ponti-

197 2404 272 2460 fex
316 2405 372 2447 ib.
441 2403 548 2446 Mox
594 2405 639 2446 in
680 2404 952 2447 Britanniam
995 2405 1151 2446 missus
1195 2405 1274 2458 ib„
1327 2405 1396 2446 cui
1440 2404 1628 2461 praefuit
1671 2419 1749 2460 per
1790 2418 1925 2446 annos

198 2479 360 2529 septem
391 2472 448 2527 (a.
471 2473 657 2526 78—85)
689 2486 723 2517 0.
742 2475 809 2516 33.
856 2472 1015 2515 Filium
1045 2479 1195 2515 natum
1225 2472 1307 2515 sibi
1338 2487 1436 2515 cum
1468 2487 1631 2515 annum
1651 2473 1850 2529 quintum
1880 2473 1924 2514 in

197 2542 424 2584 Britannia
452 2547 611 2596 ageret,
644 2556 757 2583 anno
788 2541 1034 2598 insequenti
1063 2541 1208 2583 amisit
1237 2554 1271 2586 0.
1291 2544 1363 2585 29.
1419 2541 1506 2583 Res
1535 2541 1591 2584 ab
1624 2555 1673 2583 eo
1704 2547 1847 2595 gestas
1878 2541 1923 2582 in

196 2610 426 2653 Britannia
445 2616 619 2652 enarrat
644 2610 742 2652 Tac.
764 2623 799 2652 0.
819 2612 964 2652 18-38
984 2609 1039 2664 cf.
1066 2609 1155 2653 Dio
1172 2612 1240 2661 39,
1261 2612 1340 2661 505
1360 2612 1426 2661 66,
1447 2613 1520 2654 20.
1570 2608 1924 2665 Triumphalibus

198 2679 461 2721 ornamentis
491 2684 534 2720 et
562 2684 704 2720 statua
733 2685 910 2720 auctore
930 2678 1182 2720 Domitiano
1203 2678 1230 2720 a
1250 2684 1403 2721 senatu
1435 2677 1668 2720 honoratus
1694 2678 1791 2720 Tac.
1815 2691 1849 2719 0.
1869 2680 1923 2720 39

198 2747 243 2801 (a
271 2747 370 2790 Tito
402 2745 734 2802 triumphalibus
763 2747 1027 2789 ornamentis
1055 2746 1291 2789 honoratus
1320 2745 1411 2789 Dio
1440 2749 1505 2797 66,
1526 2749 1586 2790 20
1615 2746 1753 2788 minus
1781 2747 1921 2802 recte).

197 2817 414 2859 Reversus
450 2815 497 2857 in
534 2814 687 2858 urbem
725 2815 812 2868 otio
853 2830 899 2857 se
939 2814 1078 2870 dedit,
1118 2822 1167 2857 ut
1197 2815 1464 2871 suspiciones
1494 2814 1733 2857 Domitiani
1764 2814 1922 2855 vitaret

204 2884 302 2927 Tae.
335 2897 369 2926 0.
394 2887 463 2926 40.
493 2887 547 2926 41
585 2884 645 2938 (ἐν
685 2884 818 2941 ἀτιμίᾳ
856 2885 922 2927 καὶ
961 2884 1092 2940 ἐνδείᾳ
1131 2884 1244 2926 vixit
1280 2882 1371 2926 Dio
1410 2883 1438 2926 ἶ.
1479 2884 1549 2937 0.).
1611 2882 1723 2926 Cum
1753 2882 1923 2924 adesset

199 2967 361 3007 annus,
403 2967 488 3008 quo
528 2952 878 3008 proconsulatum
902 2951 1078 2995 Africae
1106 2958 1149 2994 et
1176 2951 1310 2995 Asiae
1340 2953 1588 3006 sortiretur,
1621 2965 1666 2993 se
1697 2951 1922 2993 excusavit

201 3021 300 3064 Tac.
331 3033 366 3063 0.
386 3023 458 3064 42.
515 3020 718 3063 Decessit
746 3020 789 3064 d.
819 3021 886 3063 23.
918 3020 1034 3075 Aug.
1066 3036 1104 3063 a.
1127 3021 1182 3063 93
1216 3020 1314 3063 Tae.
1347 3033 1382 3063 0.
1413 3023 1468 3062 44
1498 3019 1602 3074 (VI⁰
1634 3025 1677 3061 et
1706 3019 1917 3074 quinqua-

193 3089 357 3145 gesimo
381 3103 495 3131 anno
515 3089 587 3139 ib„
610 3103 753 3132 errore
773 3089 961 3132 codicum
980 3089 1236 3143 manifesto),
1261 3103 1347 3130 non
1372 3090 1465 3130 sine
1497 3088 1743 3144 suspicione
1773 3087 1862 3128 dati
1894 3101 1919 3128 a

195 3158 445 3200 Domitiano
475 3158 634 3199 veneni
664 3170 698 3200 0.
719 3161 774 3200 43
803 3158 990 3212 (00018118
1019 3172 1046 3200 a
1074 3157 1325 3199 Domitiano
1356 3156 1475 3210 Dio).

109 3238 164 3281 85
194 3236 332 3280 Iulius
370 3235 589 3293 Agrippa,
640 3238 803 3280 mixtus
851 3237 1138 3280 coniurationi
1178 3237 1438 3280 Pisonianae
1482 3236 1526 3278 in
1572 3233 1752 3277 exilium
1794 3240 1915 3275 actus

194 3320 233 3349 a.
254 3305 309 3348 65
344 3305 442 3349 Tac.
465 3319 505 3349 a.
527 3308 592 3356 15,
615 3307 682 3348 71.

177 3389 457 3424 Prosopographia
477 3388 560 3424 Imp.
579 3389 671 3417 Rom.
707 3388 751 3417 11.
1602 3380 1641 3415 ll
