2202 3724
257 289 531 324 MACRINIVS
1112 281 1163 322 31
1170 280 1198 321 4
1797 286 2052 324 MACRINVS

343 419 609 471 traiecerant,
639 431 738 458 cum
765 416 981 472 equitibus
1010 416 1098 458 suis
1128 416 1173 457 in
1203 415 1353 470 fugam
1381 416 1512 458 vertit
1532 415 1685 458 Petrus
1705 415 1923 458 Patricius
1951 417 2008 470 fr.
2030 420 2058 459 6

343 485 444 538 (exc.
485 486 534 527 de
574 484 690 539 leq),
734 499 801 538 ap.
833 484 1018 526 Mueller
1057 485 1113 537 fr.
1153 483 1249 525 hist.
1280 483 1361 526 IV
1372 498 1419 538 p.
1451 486 1533 526 186
1571 484 1641 539 (de
1674 487 1856 539 tempore
1893 497 1973 538 quo
2010 484 2059 527 id

342 555 502 608 factum
530 553 598 602 sit,
631 553 685 606 ef.
719 552 955 594 Mommsen
983 551 1080 594 hist.
1110 551 1235 594 Rom.
1265 554 1293 594 5
1313 566 1361 606 p.
1386 555 1472 595 209
1501 555 1586 594 not.
1611 554 1672 608 2).
1732 551 1911 595 Occisus
1944 551 2056 594 bello

340 621 656 663 Marcomanico
698 620 827 675 (anno
856 623 940 663 172
977 623 1025 661 ut
1062 619 1237 670 videtur,
1279 619 1342 662 vel
1367 619 1519 674 paullo
1549 622 1706 676 antea),
1738 619 1876 662 tribus
1905 621 2057 663 statuis

340 705 366 730 a
395 689 453 732 M.
484 688 662 731 Aurelio
693 687 1043 730 honoratus-Dio
1072 691 1136 738 71,
1164 692 1205 731 3.

256 782 311 786 -—
341 764 392 798 M.
426 756 708 810 GL(AVD1VS)
737 762 1012 798 MAGRINIVS
1043 762 1236 797 VINDEX
1265 762 1712 799 HERMOGENIANVS.

256 827 310 866 20
340 830 588 866 MACRINIA
619 831 807 866 RVFINA
837 824 897 866 M.
927 824 1129 866 Macrinii
1159 824 1280 867 Aviti
1312 824 1483 867 Oatonii
1510 824 1707 867 Vindicis
1736 824 1826 866 filia
1855 824 1924 867 VI
1934 827 2056 867 1449.

256 893 305 934 21
340 898 595 933 MACRINVS
637 891 868 948 proconsul
906 892 1036 934 Asiae
1078 893 1299 949 (ἡγεμών),
1339 907 1436 934 cum
1466 892 1617 934 Aelius
1647 891 1860 934 Aristides
1897 906 2058 934 annum

341 966 490 1013 ageret
518 961 924 1016 quinquagesimum
954 967 1154 1016 quartum
1184 960 1370 1003 scholion
1402 960 1609 1002 adiectum
1638 960 1684 1002 in
1709 959 1847 1002 codice
1866 960 2056 1002 Lauren-

340 1028 456 1069 tiano
495 1027 552 1070 ad
590 1029 823 1070 orationem
861 1028 984 1070 XIX
1019 1028 1227 1070 Aristidis
1267 1030 1439 1086 (ἐγράφη
1481 1028 1572 1071 ὅσον
1613 1029 1654 1070 ἐν
1695 1030 1782 1085 ὥρᾳ
1821 1029 1862 1070 ἐν
1894 1028 2055 1084 Σμύρνῃ

342 1097 431 1152 μηνὶ
462 1098 675 1154 δωδεκάτῳ
707 1098 769 1139 ἐπὶ
798 1098 992 1153 ἡγεμόνος
1020 1096 1222 1154 Μακρίνου
1255 1098 1353 1139 ἐτῶν
1385 1097 1464 1139 ὄντι
1492 1095 1550 1153 νγ’
1580 1114 1645 1140 και
1676 1101 1809 1154 μηνῶν
1840 1095 1876 1144 ς’
1897 1096 2057 1138 Aristi-

341 1163 410 1205 des
430 1164 464 1206 I
477 1179 524 1218 p.
543 1167 627 1207 425
648 1165 709 1209 ed.
731 1164 962 1219 Dindorf).
1009 1165 1243 1207 Proconsul
1263 1166 1359 1219 fuit,
1389 1166 1430 1207 si
1456 1168 1565 1207 recte
1595 1164 1880 1219 Waddinyton
1898 1164 2057 1207 Aristi-

342 1231 432 1274 dem
460 1235 607 1274 natum
637 1246 723 1275 esse
753 1247 864 1275 anno
883 1237 968 1275 117
992 1234 1164 1284 statuit,
1192 1248 1232 1275 a.
1254 1237 1335 1275 170
1364 1233 1428 1275 vel
1453 1237 1559 1284 171;
1598 1247 1649 1275 ex
1678 1233 2058 1287 computationibus

340 1314 445 1354 quas
475 1301 645 1343 Keilius
680 1302 729 1344 de
767 1302 936 1344 scholiis
965 1302 1052 1344 illis
1083 1303 1268 1344 instituit
1296 1302 1368 1357 (ef.
1395 1302 1541 1344 Herm.
1562 1304 1619 1345 25
1640 1316 1689 1356 p.
1708 1300 1805 1356 316)
1827 1301 2058 1356 proconsul

338 1367 501 1410 videtur
529 1369 659 1422 fuisse
690 1383 801 1412 anno
823 1372 919 1420 178,
951 1370 1016 1411 ita
1033 1373 1082 1411 ut
1105 1369 1238 1423 fuerit
1265 1383 1350 1411 non
1380 1369 1567 1411 diversus
1588 1382 1616 1410 a
1636 1367 1835 1423 Pompeio
1856 1369 2057 1412 Macrino

341 1436 505 1479 consule
536 1451 647 1479 anno
677 1441 757 1479 164
786 1438 857 1492 (cf.
890 1438 1011 1491 infra
1039 1437 1082 1480 P
1101 1441 1194 1479 474.
1224 1436 1334 1491 475).

255 1504 309 1544 22
339 1510 622 1547 MACRINVS:
654 1506 744 1547 eius
775 1505 909 1548 filiam
940 1520 1120 1548 uxorem
1152 1505 1278 1547 duxit
1307 1505 1496 1548 Severus
1526 1504 1790 1560 Alexander,
1829 1506 2056 1562 ipsumque

343 1571 571 1615 Caesarem
611 1575 900 1629 nuncupavitt,
945 1581 1111 1616 ‘verum
1142 1588 1241 1616 cum
1275 1573 1409 1615 vellet
1445 1573 1611 1615 insidiis
1641 1573 1838 1615 occidere
1867 1573 2055 1616 Alexan-

340 1639 463 1682 drum
485 1642 717 1696 Macrinus,
752 1641 921 1683 detecta
952 1642 1139 1684 factione
1170 1648 1213 1684 et
1242 1643 1335 1698 ipse
1367 1642 1648 1697 interemptus
1680 1648 1722 1684 et
1751 1641 1841 1684 filia
1869 1641 2053 1685 abiecta.²

337 1709 427 1750 vita
455 1708 697 1751 Alexandri
723 1713 790 1760 49,
812 1713 852 1752 3.
873 1714 900 1752 4
930 1724 980 1752 ex
1008 1710 1217 1764 Dexippo,
1282 1710 1416 1753 Socer
1445 1709 1698 1764 Alexandri,
1731 1710 1856 1753 homo
1887 1709 2054 1765 nobilis,

337 1791 436 1818 cum
474 1784 591 1819 metu
630 1778 853 1820 Mamaeae
892 1779 935 1819 in
977 1784 1118 1820 castra
1149 1777 1436 1832 confugisset,
1475 1778 1594 1819 iussu
1624 1778 1847 1820 Mamaeae
1876 1780 2055 1834 occisus,

340 1845 428 1887 filia
458 1847 501 1888 in
531 1846 723 1889 Africam
754 1847 946 1901 relegata
976 1847 1211 1890 Herodian.
1242 1850 1350 1897 631,
1383 1850 1421 1891 9.
1454 1851 1508 1889 10
1548 1847 1730 1902 (nomine
1764 1862 1849 1890 non
1875 1847 2059 1902 posito)‚·

341 1929 521 1956 uxorem
566 1915 804 1958 Alexandri
851 1916 1084 1970 instigante
1124 1916 1323 1957 Mamaea
1367 1916 1411 1957 in
1456 1915 1649 1958 Africam
1691 1915 1924 1970 relegatam
1964 1930 2056 1958 esse

339 1989 486 2024 narrat
525 1984 652 2025 etiam
694 1984 889 2026 Zonaras
918 1987 986 2034 12,
1018 1987 1084 2026 15.
1155 1983 1197 2024 Α
1237 1983 1452 2026 nonnullis
1492 1984 1679 2026 creditur
1707 1987 1838 2038 pater
1883 1983 2058 2027 Gnaeae

341 2050 466 2092 Seiae
486 2051 725 2094 Herenniae
747 2052 979 2095 Sallustiae
998 2052 1192 2094 Barbiae
1220 2051 1448 2102 Orbianae,
1481 2053 1670 2106 eoniuyis
1698 2052 1942 2094 Alexandri
1969 2052 2059 2108 (sed

325 2117 442 2175 *haee
477 2117 674 2171 Auqusta
714 2119 829 2160 dicta
868 2119 953 2172 fuit
966 2152 975 2169 ,
1027 2133 1119 2161 cuni
1159 2119 1357 2162 Macrini
1398 2120 1515 2174 filiae
1553 2120 1773 2174 Auyustae
1810 2120 2058 2162 vocabulum

340 2185 583 2239 deneyatum
614 2200 698 2228 esse
726 2190 874 2229 narret
894 2187 1091 2230 Zonaras
1120 2188 1144 2230 l.
1167 2190 1232 2244 (3.),
1263 2202 1338 2230 nec
1370 2187 1557 2230 diversus
1588 2188 1816 2231 Sallustius
1847 2195 2057 2244 tyrannus

338 2255 416 2297 sub
461 2254 695 2308 Elagabalo
741 2255 820 2310 (vel
855 2256 1002 2309 potius
1040 2255 1306 2310 Alexandro)
1358 2255 1514 2300 Polem.
1560 2256 1667 2299 Silv.
1713 2256 1855 2299 latere.
1896 2255 2055 2311 (chron.

339 2323 438 2364 min.
468 2323 502 2364 I
519 2337 565 2376 p.
590 2325 674 2366 521
713 2323 774 2366 ed.
808 2322 1036 2377 Montius),
1080 2324 1133 2377 ef.
1163 2324 1284 2377 infra
1324 2325 1400 2366 sub
1442 2323 1670 2375 Sallustio,
1710 2325 1808 2367 item
1846 2326 1922 2367 sub
1954 2325 2058 2369 Seia

339 2390 558 2432 Herennia
587 2390 798 2433 Sallustia
826 2391 998 2433 Barbia
1026 2391 1232 2434 Orbiana.

254 2458 308 2499 23
338 2457 567 2512 Macrinus,
591 2459 752 2500 amicus
772 2458 900 2500 Plinii
918 2475 926 2500 :
959 2459 1013 2501 ad
1035 2474 1134 2501 eum
1155 2459 1208 2501 de
1232 2459 1360 2501 rebus
1381 2459 1559 2501 urbanis
1581 2459 1733 2502 scribit
1751 2459 1820 2502 vel
1842 2462 2054 2503 orationes

339 2540 437 2566 suas
463 2527 593 2568 mittit
611 2526 728 2569 Plin.
751 2541 811 2580 ep.
833 2530 875 2577 2,
899 2531 948 2578 7,·
969 2531 1005 2577 7,
1028 2531 1065 2570 6.
1089 2531 1159 2579 10,·
1178 2530 1218 2578 8,
1241 2531 1298 2569 17
1305 2541 1318 2579 ,·
1335 2531 1373 2578 9,
1394 2531 1432 2572 4.
1454 2552 1511 2557 ——
1537 2527 1710 2570 Videtur
1729 2541 1815 2571 esse
1836 2528 2056 2571 Cornelius

340 2593 576 2644 Macrinus,
609 2594 666 2636 ad
691 2608 809 2647 quein
837 2596 987 2637 similis
1018 2596 1197 2649 epistula
1217 2600 1257 2646 3,
1278 2599 1305 2638 4
1326 2594 1418 2648 (ubi
1443 2596 1704 2650 qentilicium
1732 2597 1914 2638 servavit
1940 2597 2056 2640 solus

310 2649 317 2661 ⁹
339 2661 466 2703 codex
493 2661 949 2713 Ashburnliainianus).
1002 2663 1069 2717 Cf.
1091 2667 1321 2718 praeterea
1349 2665 1425 2706 sub
1458 2664 1643 2706 Minicio
1675 2664 1887 2708 Macrino.

254 2729 308 2770 24
338 2729 581 2782 Macrinus,
620 2730 805 2784 leg(atus
818 2731 859 2785 P)
901 2735 928 2775 t.
959 2746 1045 2786 rep.
1077 2733 1120 2774 in
1141 2733 1370 2786 provincia
1401 2732 1580 2786 Belyiea
1609 2732 1697 2774 loco
1728 2733 1838 2775 dicto
1869 2733 2056 2776 Mouzon

338 2796 590 2852 (Ardennes)
631 2813 698 2852 ap.
740 2799 788 2841 de
828 2799 1043 2852 Villefosse
1083 2800 1182 2842 bull.
1224 2801 1352 2854 e'piyr.
1395 2800 1444 2842 de
1483 2800 1527 2841 la
1564 2799 1702 2842 Gaule
1741 2803 1850 2842 1883
1879 2815 1927 2855 p.
1957 2804 2054 2845 125.

345 2865 473 2908 Valde
512 2867 716 2921 incertum
753 2881 853 2908 nuni
892 2868 1044 2920 fuerit,
1084 2871 1132 2909 ut
1163 2871 1294 2922 putat
1338 2867 1567 2921 Villefosse,
1611 2868 1773 2923 legatus
1806 2869 2055 2923 provinciae

339 2933 560 2987 Belyieae,·
590 2935 644 2987 ef.
673 2947 805 2989 supra
834 2936 908 2977 sub
939 2935 1169 2978 Divioetilla
1199 2936 1263 2991 (D
1284 2935 1366 2990 94).

255 3002 328 3043 24a
353 3001 585 3055 Macrinus,
615 3002 895 3044 Prusensium
927 3004 971 3044 in
992 3003 1199 3059 Bithynia
1223 3003 1418 3059 publicus
1441 3004 1648 3061 εὐεργέτης
1668 3003 1756 3047 Dio
1782 3018 1841 3047 or.
1863 3004 2054 3048 XLVII

340 3070 418 3124 (II
430 3084 479 3123 p.
501 3073 584 3112 230
612 3070 767 3112 Reiske
795 3091 851 3105 z
881 3071 941 3113 II
955 3086 1002 3124 p.
1024 3075 1103 3113 134
1128 3071 1357 3126 Dindorf).

253 3138 307 3179 25
338 3138 579 3180 Macrinus:
622 3139 658 3179 ei
690 3138 861 3180 dedicat
891 3139 1112 3194 Ampelius
1152 3139 1310 3181 librum
1349 3139 1637 3182 memorialem
1668 3140 1887 3195 Ampelius
1908 3142 2052 3195 praef.

252 3206 326 3247 25³
350 3212 604 3247 MACRINVS
635 3212 806 3248 VISCVS
847 3208 915 3247 vir
951 3208 1191 3262 praetorius
1228 3207 1358 3249 Plinii
1399 3215 1559 3262 aetate,
1602 3209 1671 3250 cui
1711 3215 1821 3251 stato
1863 3215 2055 3265 tempore

340 3275 515 3328 sanguis
546 3288 623 3329 per
653 3288 728 3316 ora
758 3274 996 3330 profluebat
1026 3275 1143 3317 Plin.
1173 3275 1212 3317 h.
1241 3289 1283 3319 n.
1305 3279 1372 3326 11,
1393 3279 1493 3319 223.

251 3366 309 3371 -
339 3340 548 3384 Aemilius
578 3342 809 3386 Macrinus,
