2202 3724
177 274 352 328 '1vmvs
1044 285 1131 329 243
1828 293 1998 330 1vmvs

182 423 271 466 535
303 429 346 474 Q.
379 429 548 465 IVNIVS
578 429 831 466 RVSTICVS.
891 422 966 467 Sic
995 423 1192 478 pondera
1230 424 1320 466 eius
1357 423 1523 466 nomine
1562 423 1772 479 inscripta
1810 427 1850 467 et
1880 428 1999 468 testes

269 492 512 535 consulatus
542 493 710 547 prioris
749 492 817 535 VI
837 495 940 543 858,
982 492 1082 547 dipl.
1123 493 1210 537 mil.
1252 493 1358 535 anni
1393 496 1494 544 133,
1538 493 1780 536 consulatus
1820 493 1998 537 alterius

267 560 395 603 XIV
413 564 480 604 58.
537 562 691 604 Iunius
722 562 925 604 Rusticus
954 561 1058 616 Diy.
1088 565 1155 612 49,
1188 565 1227 612 1,
1256 565 1295 612 1,
1321 564 1359 612 3,
1391 562 1462 604 vit.
1492 561 1644 604 Marci
1660 565 1700 613 3,
1729 561 1819 605 Dio
1841 566 1905 613 71,
1928 566 1995 614 35,

266 630 472 672 Rusticus
504 629 634 682 alibi;
670 630 853 672 Rufinus
882 631 989 684 fasti
1017 630 1178 685 Hydat.
1210 631 1256 672 in
1285 630 1508 672 consulatu
1538 631 1644 672 anni
1672 634 1770 681 162,
1801 631 1924 674 male.

354 697 523 740 Stoicae
552 698 806 754 disciplinae
831 699 1116 755 peritissimus
1147 699 1219 740 vit.
1243 698 1392 740 Marci
1410 701 1439 740 3
1468 699 1523 752 cf.
1544 698 1632 740 Dio
1665 702 1728 749 71,
1759 702 1825 742 35.
1876 700 1996 742 Inter

267 773 498 809 sectatores
529 767 620 808 eius
649 766 709 809 M.
739 766 944 809 Aurelius
974 766 1063 809 Dio
1092 770 1132 809 et
1158 767 1248 808 vita
1278 766 1322 808 ll.
1353 780 1435 818 cc.;
1478 766 1733 810 Themistius
1765 782 1825 810 or.
1855 769 1992 811 XIII

269 850 317 890 p.
339 839 429 878 212
448 834 654 889 Dindorf.
702 834 774 878 Ab
795 850 844 878 eo
865 835 1040 878 Marcus
1064 836 1295 878 confitetur
1325 851 1351 877 a
1381 835 1595 878 rhetorica
1625 842 1667 878 et
1697 837 1867 892 poetica
1894 852 1995 880 con-

264 918 436 946 versum
459 918 505 945 se
525 903 580 946 ad
600 903 938 960 philosophiam3
970 903 1025 946 ab
1053 903 1203 946 eodem
1233 905 1400 960 accepit
1430 903 1636 958 legendos
1667 906 1994 948 commentarios

265 973 512 1029 Epicteteos
543 972 610 1014 M.
641 971 886 1014 Antoninus
913 976 951 1022 1,
985 975 1023 1014 7.
1084 972 1215 1014 Matri
1245 972 1381 1014 Marci
1412 971 1562 1015 scribit
1591 971 1797 1016 Sinuessa
1822 973 1879 1016 ib.

349 1039 512 1084 Consul
543 1040 746 1083 suffectus
776 1054 922 1083 mense
950 1040 1032 1083 Iul.
1064 1056 1101 1082 a.
1136 1041 1217 1084 133
1257 1055 1356 1083 cum
1387 1040 1439 1093 Q.
1472 1040 1626 1084 Flavio
1657 1041 1853 1084 Tertullo
1885 1042 1988 1096 dipl.

264 1109 351 1152 mil.
378 1108 484 1164 (III
505 1108 552 1152 S.
574 1123 624 1162 p.
646 1111 786 1164 1978),
818 1108 887 1151 VI
903 1111 998 1151 858.
1040 1108 1205 1151 Consul
1236 1109 1392 1151 iterum
1411 1110 1484 1152 vit.
1509 1109 1660 1152 Marci
1676 1113 1715 1160 3,
1749 1110 1992 1153 ordinarius

263 1193 300 1219 a.
337 1178 418 1220 162
458 1192 557 1220 cum
595 1177 647 1219 L.
689 1176 860 1219 Plautio
902 1176 1110 1233 Aquilino
1153 1178 1272 1231 fasti.
1342 1178 1594 1220 Praefectus
1639 1178 1759 1221 urbis
1798 1179 1994 1233 pondera

262 1246 324 1288 II
334 1249 461 1296 4962,
478 1249 522 1290 2.
544 1246 606 1288 ΙΙ
619 1245 666 1289 S.
682 1248 806 1296 6245,
828 1249 867 1290 1.
905 1245 1077 1295 V8119,
1094 1248 1133 1288 1.
1165 1245 1247 1288 IX
1260 1248 1383 1297 6088,
1400 1249 1439 1288 1.
1470 1246 1520 1289 Χ
1535 1249 1659 1297 8068,
1676 1250 1703 1290 5
1710 1247 1813 1298 a—d,
1834 1247 1992 1290 Bram-

264 1314 370 1357 bach
396 1317 518 1365 1300,
547 1313 666 1356 Bull.
690 1328 851 1357 comun.
880 1316 996 1358 1882
1016 1329 1064 1368 p.
1088 1317 1181 1364 171,
1218 1316 1324 1357 1884
1342 1328 1393 1369 p.
1416 1317 1470 1356 71
1501 1315 1589 1369 (vir
1619 1315 1886 1358 clarissimus
1917 1316 1991 1358 ad-

263 1382 380 1425 ditur
407 1384 454 1425 in
482 1383 568 1426 solo
598 1383 645 1425 X
672 1385 795 1433 8068,
823 1385 851 1426 5
858 1382 927 1436 d);
967 1382 1208 1439 praefectus
1239 1383 1339 1425 urbi
1379 1382 1460 1425 sub
1489 1383 1638 1425 Marco
1670 1390 1713 1426 et
1738 1383 1855 1426 Vero
1886 1384 1987 1439 Diq.

261 1455 329 1502 49,
361 1455 400 1502 1,
431 1456 470 1502 1,
499 1455 549 1503 3;
589 1455 687 1494 acta
715 1452 918 1506 martyrii
954 1451 1116 1494 Iustini
1152 1454 1191 1494 et
1215 1452 1425 1494 sociorum
1459 1452 1637 1506 (Iustini
1672 1467 1766 1507 opp.
1797 1452 1858 1495 ed.
1893 1453 1989 1496 Otto

260 1520 340 1564 vol.
361 1522 408 1576 2)
419 1533 434 1571 ;
463 1513 518 1574 cf.
546 1520 801 1563 Themistius
823 1534 883 1563 or.
906 1519 1088 1562 XVIII
1100 1535 1149 1574 p.
1170 1523 1261 1563 262
1278 1519 1440 1571 Dind.,·
1459 1520 1733 1575 Epiphanius
1759 1521 1851 1565 adv.
1873 1521 1988 1567 haer.

270 1588 342 1632 lib.
364 1588 399 1630 I
411 1591 505 1630 tom.
525 1588 616 1631 III
627 1588 743 1633 haer.
760 1591 814 1631 46
844 1586 892 1640 (2
912 1603 961 1643 p.
981 1591 1062 1631 111
1092 1588 1153 1632 ed.
1176 1587 1342 1645 Dind),
1374 1588 1451 1631 ubi
1468 1589 1609 1631 minus
1630 1593 1826 1632 accurate
1847 1591 1989 1644 appel-

262 1656 378 1699 latur
405 1659 567 1714 ἡγεμών
599 1660 638 1700 et
667 1657 825 1699 dicitur
848 1656 925 1700 hoc
953 1671 1123 1700 munere
1152 1658 1323 1711 functus
1353 1671 1439 1700 esse
1466 1658 1543 1700 sub
1570 1657 1814 1700 Hadriano.
1854 1658 1989 1702 Prae-

258 1726 414 1779 fectum
446 1726 578 1779 fuisse
611 1725 859 1768 crediderim
893 1726 982 1768 iam
1016 1739 1129 1768 anno
1164 1729 1267 1777 162,
1311 1729 1494 1781 tempore
1521 1726 1696 1769 secundi
1728 1728 1969 1771 consulatus
1977 1744 1991 1781 ,-

259 1808 513 1849 quamquam
541 1794 803 1850 Boryliesius
837 1809 932 1850 opp.
958 1797 989 1838 8
1008 1809 1057 1850 p.
1077 1797 1159 1838 549
1185 1795 1258 1850 (cf.
1286 1798 1311 1838 9
1333 1810 1382 1849 p.
1410 1794 1510 1849 309)
1542 1809 1634 1837 cum
1662 1797 1916 1850 repperisset
1944 1799 1989 1840 in

260 1864 368 1907 actis
405 1865 606 1919 martyrii
641 1864 886 1908 Felicitatis
929 1867 969 1907 et
1009 1867 1163 1919 septem
1207 1863 1395 1919 filiorum
1432 1863 1531 1917 (act.
1572 1869 1705 1908 sanct.
1746 1879 1871 1909 mens.
1903 1866 1987 1909 Iul.

259 1935 286 1974 t.
321 1933 412 1975 III
428 1948 478 1987 p.
504 1936 574 1984 12,
606 1934 705 1976 item
732 1933 848 1988 apud
874 1933 1068 1976 Ruinart
1106 1936 1205 1976 acta
1233 1936 1471 1988 martyrum
1494 1948 1543 1988 p.
1572 1936 1629 1977 72
1663 1934 1726 1977 ed.
1761 1934 1986 1978 Ratisbon.

258 2004 383 2058 1859)
415 2001 464 2044 de
491 2001 719 2045 Felicitate
740 2017 768 2044 a
783 2001 940 2045 Publio
961 2002 1184 2057 praefecto
1213 2002 1335 2045 urbis
1354 2003 1637 2056 quaestionem
1666 2002 1860 2046 habitam
1889 2018 1986 2055 esse,

258 2070 307 2113 id
325 2074 465 2114 autem
486 2071 688 2114 accidisse
709 2085 822 2114 anno
842 2074 928 2115 162
948 2074 1130 2126 propter
1150 2084 1323 2114 causam
1348 2071 1576 2125 quandam,
1606 2072 1681 2114 sed
1708 2087 1802 2115 eam
1828 2069 2002 2116 nullius>

259 2138 467 2194 ponderis
503 2139 589 2182 sibi
618 2139 924 2193 persuasisset,
965 2153 1078 2181 anno
1113 2142 1199 2182 162
1238 2138 1441 2182 Publium
1476 2139 1657 2194 aliquem
1689 2139 1758 2195 (P.
1795 2141 1988 2184 Salvium

257 2207 493 2262 Iulianum)
520 2208 782 2262 praefectum
801 2208 922 2250 urbis
951 2208 1082 2262 fuisse
1107 2208 1272 2250 statuit.
1317 2207 1570 2261 Praefectus
1599 2209 1685 2262 fuit
1715 2223 1808 2251 cum
1828 2224 1987 2264 passus

260 2279 321 2319 est
348 2276 562 2327 Iustinus,
600 2277 655 2330 cf.
686 2277 806 2330 infra
834 2291 876 2319 n.
901 2278 996 2319 580.
1056 2275 1259 2319 Desierat
1287 2290 1373 2319 esse
1394 2277 1641 2331 praefectus
1669 2278 1791 2321 urbis
1821 2293 1861 2321 a.
1892 2283 1985 2330 168,

259 2346 460 2400 quoniam
503 2359 549 2388 eo
591 2359 702 2388 anno
741 2346 793 2388 L.
836 2345 1033 2399 Serqium
1070 2345 1272 2388 Paullum
1311 2360 1404 2388 cum
1437 2346 1571 2389 altero
1608 2347 1829 2390 consulatu
1859 2349 1988 2391 etiam

250 2414 532 2468 praefectura
559 2414 751 2468 functum
781 2427 867 2456 esse
896 2414 1124 2468 probabile
1153 2418 1226 2457 est.
1281 2414 1455 2457 Mortuo
1485 2415 1525 2456 ei
1564 2421 1729 2458 statuas
1769 2431 1795 2458 a
1833 2425 1986 2460 senatu

258 2482 317 2527 M.
347 2482 554 2525 Aurelius
589 2483 825 2539 postulavit
857 2483 928 2526 vit.
961 2483 1114 2525 Marci
1135 2486 1175 2533 3,
1202 2486 1241 2526 5.
1273 2508 1326 2513 —
1354 2482 1441 2526 Hic
1463 2486 1570 2537 puto
1601 2483 1752 2526 Iunius
1782 2485 1986 2528 Rusticus

258 2551 306 2593 in
335 2554 365 2594 t.
396 2551 579 2594 ancillae
610 2550 679 2594 VI
696 2554 857 2595 22425.

174 2619 258 2662 536
288 2620 441 2662 Iunius
462 2619 723 2663 Saturninus
744 2619 863 2663 Suet.
887 2619 1000 2675 Auy.
1021 2623 1094 2664 27.
1150 2619 1196 2663 V.
1215 2619 1353 2662 Iulius
1375 2619 1636 2664 Saturninus
1665 2634 1799 2675 supra
1827 2636 1868 2664 n.
1889 2626 1983 2667 358.

174 2688 257 2731 537
288 2688 339 2731 L.
370 2689 524 2731 Iunius
554 2688 790 2745 Septimius
820 2689 964 2732 Verus
993 2689 1305 2743 Hermogenes.
1381 2688 1520 2732 Tituli
1558 2688 1640 2732 duo
1670 2691 1808 2744 positi
1845 2691 1898 2733 ab
1940 2706 1986 2733 eo

256 2757 307 2799 L.
340 2757 508 2800 Valerio
538 2757 784 2812 Poplicolae
811 2757 1002 2800 Balbino
1032 2757 1230 2800 Maximo
1261 2758 1335 2812 qui
1364 2757 1588 2800 Max-imus
1624 2758 1768 2800 consul
1797 2760 1882 2812 fuit
1911 2763 1986 2801 aut

256 2839 296 2869 a.
324 2829 415 2869 232
445 2829 521 2868 aut
550 2841 588 2869 a.
615 2829 702 2869 233
733 2829 810 2869 aut
839 2841 879 2869 a.
906 2829 992 2869 234
1032 2829 1108 2868 aut
1144 2841 1183 2869 a.
1213 2828 1301 2870 253
1344 2830 1420 2868 aut
1459 2841 1498 2871 a.
1530 2829 1634 2877 256,
1684 2826 1752 2869 VI
1771 2830 1879 2870 1531
1909 2829 1980 2882 (1),

256 2896 368 2936 1532
397 2893 473 2949 (2).
533 2894 584 2938 L.
616 2893 805 2949 Iun(ius)
838 2893 1017 2951 Septim.
1046 2895 1344 2949 Hermogenes
1375 2898 1403 2937 t.
1426 2899 1465 2946 1,
1497 2895 1593 2938 Iun.
1630 2894 1809 2951 Septim.
1841 2896 1982 2938 Verus

255 2962 552 3017 Hermogenes
574 2966 603 3006 t.
624 2966 668 3007 2.
713 2962 935 3006 Tribunus
965 2962 1152 3005 cohortis
1184 2996 1194 3006 .
1212 2996 1223 3006 .
1240 2977 1279 3017 .;
1309 2963 1509 3020 pontifex
1538 2964 1825 3006 Laurentium
1855 2964 1982 3005 Lavi-

255 3031 421 3073 natium
451 3034 479 3075 t.
509 3035 549 3074 1.
608 3032 871 3075 Procurator
899 3032 1208 3086 sexagenarius
1238 3034 1267 3074 t.
1293 3035 1337 3076 2.

170 3099 253 3141 538
282 3105 452 3142 IVNIVS
476 3106 699 3143 SEVERVS
722 3099 874 3143 Clodio
894 3100 1054 3143 Albino
1076 3101 1350 3144 Britanniam
1379 3101 1547 3155 regenti
1577 3114 1799 3142 successor
1827 3101 1983 3142 missus

255 3182 282 3210 a
312 3166 548 3210 Commodo
578 3169 662 3212 vid.
691 3169 840 3212 Clodii
857 3169 958 3214 Alb.
987 3173 1051 3214 14.
1102 3169 1287 3225 (Nomen
1314 3170 1489 3225 fictum).

169 3235 253 3278 539
282 3241 326 3277 Τ.
352 3241 522 3278 IVNIVS
554 3242 779 3279 SEVERVS
809 3237 959 3280 consul
990 3236 1085 3280 suff.
1106 3252 1254 3280 mense
1274 3238 1386 3281 Nov.
1410 3238 1494 3281 154
1514 3252 1611 3279 cum
1636 3236 1684 3281 C.
1707 3235 1818 3278 Iulio
1841 3236 1978 3279 Statio

254 3303 416 3346 Severo
448 3303 551 3358 dipl.
579 3304 667 3347 mil.
694 3303 832 3357 (C'IL.
854 3305 944 3348 III
957 3320 1006 3360 p.
1026 3308 1140 3363 881).

168 3371 253 3414 540
282 3377 451 3415 IVNIVS
473 3378 682 3416 SILANVS
705 3373 855 3418 consul
874 3388 1022 3418 mense
1043 3374 1139 3419 Iun.
1162 3390 1200 3417 a.
1222 3375 1305 3418 238
1325 3374 1397 3417 vit.
1415 3374 1646 3416 Maximin.
1668 3376 1734 3425 16,
1756 3376 1783 3416 1
1803 3371 1978 3428 (fictio).

1632 3441 1703 3477 16*
