<?xml version="1.0" encoding="UTF-8"?>
<!DOCTYPE html PUBLIC "-//W3C//DTD XHTML 1.0 Transitional//EN"
    "http://www.w3.org/TR/xhtml1/DTD/xhtml1-transitional.dtd">
<html xmlns="http://www.w3.org/1999/xhtml" xml:lang="en" lang="en">
 <head>
  <title>
</title>
<meta http-equiv="Content-Type" content="text/html;charset=utf-8" />
  <meta name='ocr-system' content='tesseract 3.04.00' />
  <meta name='ocr-capabilities' content='ocr_page ocr_carea ocr_par ocr_line ocrx_word'/>
</head>
<body>
  <div class='ocr_page' id='page_1' title='image "./prosopographiaim02akaduoft_0390.png"; bbox 0 0 2202 3724; ppageno 0'>
   <div class='ocr_carea' id='block_1_1' title="bbox 574 371 1079 374">
    <p class='ocr_par' dir='ltr' id='par_1_1' title="bbox 574 371 1079 374">
     <span class='ocr_line' id='line_1_1' title="bbox 574 371 1079 374; baseline 0 0"><span class='ocrx_word' id='word_1_1' title='bbox 574 371 1079 374; x_wconf 95' lang='lat' dir='ltr'> </span> 
     </span>
    </p>
   </div>
   <div class='ocr_carea' id='block_1_2' title="bbox 242 301 2043 347">
    <p class='ocr_par' dir='ltr' id='par_1_2' title="bbox 242 301 2043 347">
     <span class='ocr_line' id='line_1_2' title="bbox 242 301 2043 347; baseline -0.004 0"><span class='ocrx_word' id='word_1_2' title='bbox 242 310 468 347; x_wconf 87' lang='lat' dir='ltr'>MINICIVS</span> <span class='ocrx_word' id='word_1_3' title='bbox 1105 301 1188 343; x_wconf 85' lang='grc'>378</span> <span class='ocrx_word' id='word_1_4' title='bbox 1817 304 2043 342; x_wconf 88' lang='lat' dir='ltr'>MINICIVS</span> 
     </span>
    </p>
   </div>
   <div class='ocr_carea' id='block_1_3' title="bbox 1870 369 2039 373">
    <p class='ocr_par' dir='ltr' id='par_1_3' title="bbox 1870 369 2039 373">
     <span class='ocr_line' id='line_1_3' title="bbox 1870 369 2039 373; baseline 0 0"><span class='ocrx_word' id='word_1_5' title='bbox 1870 369 2039 373; x_wconf 95' lang='lat' dir='ltr'> </span> 
     </span>
    </p>
   </div>
   <div class='ocr_carea' id='block_1_4' title="bbox 327 433 2047 971">
    <p class='ocr_par' dir='ltr' id='par_1_4' title="bbox 327 433 2047 971">
     <span class='ocr_line' id='line_1_4' title="bbox 328 433 2045 498; baseline -0.004 -15"><span class='ocrx_word' id='word_1_6' title='bbox 328 456 436 498; x_wconf 91' lang='lat' dir='ltr'>pura</span> <span class='ocrx_word' id='word_1_7' title='bbox 457 443 485 482; x_wconf 86' lang='lat' dir='ltr'><em>t.</em></span> <span class='ocrx_word' id='word_1_8' title='bbox 506 443 544 481; x_wconf 92' lang='lat'>1.</span> <span class='ocrx_word' id='word_1_9' title='bbox 577 439 838 480; x_wconf 87' lang='lat' dir='ltr'>Procurator</span> <span class='ocrx_word' id='word_1_10' title='bbox 853 436 1104 492; x_wconf 85' lang='lat' dir='ltr'>provinciae</span> <span class='ocrx_word' id='word_1_11' title='bbox 1121 435 1390 491; x_wconf 83' lang='lat' dir='ltr'>Hellesponti</span> <span class='ocrx_word' id='word_1_12' title='bbox 1407 438 1435 477; x_wconf 87' lang='lat' dir='ltr'><em>t.</em></span> <span class='ocrx_word' id='word_1_13' title='bbox 1453 438 1490 477; x_wconf 87' lang='lat'>1.</span> <span class='ocrx_word' id='word_1_14' title='bbox 1524 433 1845 490; x_wconf 71' lang='lat' dir='ltr'>(lProcuratorJ</span> <span class='ocrx_word' id='word_1_15' title='bbox 1867 434 2045 477; x_wconf 78' lang='lat' dir='ltr'><em>Tusciae</em></span> 
     </span>
     <span class='ocr_line' id='line_1_5' title="bbox 329 503 2043 558; baseline -0.005 -6"><span class='ocrx_word' id='word_1_16' title='bbox 329 513 356 551; x_wconf 88' lang='lat' dir='ltr'><em>t.</em></span> <span class='ocrx_word' id='word_1_17' title='bbox 382 513 413 552; x_wconf 90' lang='grc'><strong><em>2</em></strong></span> <span class='ocrx_word' id='word_1_18' title='bbox 443 522 491 549; x_wconf 73' lang='lat' dir='ltr'>ex</span> <span class='ocrx_word' id='word_1_19' title='bbox 523 507 694 549; x_wconf 85' lang='lat' dir='ltr'>lectione</span> <span class='ocrx_word' id='word_1_20' title='bbox 723 505 884 555; x_wconf 65' lang='lat' dir='ltr'>Romi,-</span> <span class='ocrx_word' id='word_1_21' title='bbox 913 505 959 546; x_wconf 87' lang='lat' dir='ltr'>in</span> <span class='ocrx_word' id='word_1_22' title='bbox 989 507 1129 558; x_wconf 69' lang='lat' dir='ltr'>ectypo</span> <span class='ocrx_word' id='word_1_23' title='bbox 1159 504 1234 546; x_wconf 76' lang='lat' dir='ltr'>hoc</span> <span class='ocrx_word' id='word_1_24' title='bbox 1267 504 1552 546; x_wconf 76' lang='lat' dir='ltr'>Mommsenus</span> <span class='ocrx_word' id='word_1_25' title='bbox 1579 517 1664 545; x_wconf 90' lang='lat' dir='ltr'>non</span> <span class='ocrx_word' id='word_1_26' title='bbox 1695 503 1891 557; x_wconf 59' lang='lat' dir='ltr'>agnovit).</span> <span class='ocrx_word' id='word_1_27' title='bbox 1941 503 2043 544; x_wconf 92' lang='lat' dir='ltr'>Pro-</span> 
     </span>
     <span class='ocr_line' id='line_1_6' title="bbox 328 570 2046 631; baseline -0.003 -13"><span class='ocrx_word' id='word_1_28' title='bbox 328 583 500 618; x_wconf 81' lang='lat' dir='ltr'>curator</span> <span class='ocrx_word' id='word_1_29' title='bbox 519 575 769 631; x_wconf 85' lang='lat' dir='ltr'>provinciae</span> <span class='ocrx_word' id='word_1_30' title='bbox 790 572 931 627; x_wconf 81' lang='lat' dir='ltr'>Asiae,</span> <span class='ocrx_word' id='word_1_31' title='bbox 957 587 1084 628; x_wconf 91' lang='lat' dir='ltr'>quam</span> <span class='ocrx_word' id='word_1_32' title='bbox 1111 571 1317 614; x_wconf 83' lang='lat' dir='ltr'>mandatu</span> <span class='ocrx_word' id='word_1_33' title='bbox 1348 573 1554 628; x_wconf 89' lang='lat' dir='ltr'>principis</span> <span class='ocrx_word' id='word_1_34' title='bbox 1578 571 1649 624; x_wconf 91' lang='lat' dir='ltr'>(sc.</span> <span class='ocrx_word' id='word_1_35' title='bbox 1670 570 1928 626; x_wconf 76' lang='lat' dir='ltr'><em>Domitiam)</em></span> <span class='ocrx_word' id='word_1_36' title='bbox 1951 570 2046 612; x_wconf 88' lang='lat' dir='ltr'>vice</span> 
     </span>
     <span class='ocr_line' id='line_1_7' title="bbox 329 638 2047 699; baseline -0.003 -13"><span class='ocrx_word' id='word_1_37' title='bbox 329 645 517 687; x_wconf 77' lang='lat' dir='ltr'>defuncti</span> <span class='ocrx_word' id='word_1_38' title='bbox 550 641 818 699; x_wconf 76' lang='lat' dir='ltr'>proconsulis</span> <span class='ocrx_word' id='word_1_39' title='bbox 848 641 961 682; x_wconf 87' lang='lat' dir='ltr'>rexit</span> <span class='ocrx_word' id='word_1_40' title='bbox 981 643 1009 681; x_wconf 89' lang='lat' dir='ltr'><em>t.</em></span> <span class='ocrx_word' id='word_1_41' title='bbox 1029 643 1055 681; x_wconf 94' lang='lat'><em>1</em></span> <span class='ocrx_word' id='word_1_42' title='bbox 1076 640 1209 694; x_wconf 88' lang='lat' dir='ltr'>(circa</span> <span class='ocrx_word' id='word_1_43' title='bbox 1230 654 1387 682; x_wconf 80' lang='lat' dir='ltr'>annum</span> <span class='ocrx_word' id='word_1_44' title='bbox 1406 642 1473 690; x_wconf 88' lang='grc'>88,</span> <span class='ocrx_word' id='word_1_45' title='bbox 1495 642 1543 681; x_wconf 90' lang='lat' dir='ltr'>ut</span> <span class='ocrx_word' id='word_1_46' title='bbox 1565 639 1740 681; x_wconf 88' lang='lat' dir='ltr'>coniecit</span> <span class='ocrx_word' id='word_1_47' title='bbox 1764 638 2047 693; x_wconf 73' lang='lat' dir='ltr'>Wadclinyton</span> 
     </span>
     <span class='ocr_line' id='line_1_8' title="bbox 328 706 2047 767; baseline -0.005 -12"><span class='ocrx_word' id='word_1_48' title='bbox 328 715 458 767; x_wconf 80' lang='lat' dir='ltr'>fastos</span> <span class='ocrx_word' id='word_1_49' title='bbox 499 711 568 752; x_wconf 78' lang='lat' dir='ltr'>cles</span> <span class='ocrx_word' id='word_1_50' title='bbox 599 723 720 764; x_wconf 71' lang='lat' dir='ltr'>prov.</span> <span class='ocrx_word' id='word_1_51' title='bbox 763 709 897 750; x_wconf 68' lang='lat' dir='ltr'>asiat-</span> <span class='ocrx_word' id='word_1_52' title='bbox 926 722 967 750; x_wconf 91' lang='lat' dir='ltr'>n.</span> <span class='ocrx_word' id='word_1_53' title='bbox 999 710 1090 757; x_wconf 86' lang='lat'><em>105,</em></span> <span class='ocrx_word' id='word_1_54' title='bbox 1139 708 1270 749; x_wconf 90' lang='lat' dir='ltr'>occiso</span> <span class='ocrx_word' id='word_1_55' title='bbox 1311 708 1357 749; x_wconf 91' lang='lat' dir='ltr'>in</span> <span class='ocrx_word' id='word_1_56' title='bbox 1387 707 1693 762; x_wconf 74' lang='lat' dir='ltr'><em>proconsulatu</em></span> <span class='ocrx_word' id='word_1_57' title='bbox 1731 707 1865 748; x_wconf 87' lang='lat' dir='ltr'>Asiae</span> <span class='ocrx_word' id='word_1_58' title='bbox 1901 706 2047 748; x_wconf 81' lang='lat' dir='ltr'>Civica</span> 
     </span>
     <span class='ocr_line' id='line_1_9' title="bbox 330 774 2047 833; baseline -0.003 -11"><span class='ocrx_word' id='word_1_59' title='bbox 330 778 530 833; x_wconf 80' lang='lat' dir='ltr'>Cereale).</span> <span class='ocrx_word' id='word_1_60' title='bbox 603 779 865 820; x_wconf 79' lang='lat' dir='ltr'>Procurator</span> <span class='ocrx_word' id='word_1_61' title='bbox 908 777 1231 832; x_wconf 83' lang='lat' dir='ltr'>provinciarum</span> <span class='ocrx_word' id='word_1_62' title='bbox 1273 775 1625 830; x_wconf 89' lang='lat' dir='ltr'>Luguduniensis</span> <span class='ocrx_word' id='word_1_63' title='bbox 1670 782 1712 816; x_wconf 91' lang='lat' dir='ltr'>et</span> <span class='ocrx_word' id='word_1_64' title='bbox 1760 774 2047 831; x_wconf 79' lang='lat' dir='ltr'>Aquitanicae</span> 
     </span>
     <span class='ocr_line' id='line_1_10' title="bbox 331 843 2046 897; baseline -0.003 -7"><span class='ocrx_word' id='word_1_65' title='bbox 331 852 358 892; x_wconf 90' lang='lat' dir='ltr'><em>t.</em></span> <span class='ocrx_word' id='word_1_66' title='bbox 389 852 428 890; x_wconf 93' lang='lat'>1.</span> <span class='ocrx_word' id='word_1_67' title='bbox 460 851 501 897; x_wconf 90' lang='grc'>2,</span> <span class='ocrx_word' id='word_1_68' title='bbox 535 848 638 889; x_wconf 91' lang='lat' dir='ltr'>item</span> <span class='ocrx_word' id='word_1_69' title='bbox 668 846 880 888; x_wconf 87' lang='lat' dir='ltr'>Lactorae</span> <span class='ocrx_word' id='word_1_70' title='bbox 912 848 939 887; x_wconf 86' lang='lat' dir='ltr'><em>t.</em></span> <span class='ocrx_word' id='word_1_71' title='bbox 972 848 1010 887; x_wconf 94' lang='lat'>1.</span> <span class='ocrx_word' id='word_1_72' title='bbox 1062 843 1313 887; x_wconf 83' lang='lat' dir='ltr'>Praefectus</span> <span class='ocrx_word' id='word_1_73' title='bbox 1343 858 1541 886; x_wconf 88' lang='lat' dir='ltr'>annonae</span> <span class='ocrx_word' id='word_1_74' title='bbox 1572 847 1600 886; x_wconf 87' lang='lat' dir='ltr'><em>t.</em></span> <span class='ocrx_word' id='word_1_75' title='bbox 1631 847 1670 886; x_wconf 89' lang='lat'>1.</span> <span class='ocrx_word' id='word_1_76' title='bbox 1701 847 1743 887; x_wconf 98' lang='grc'>2.</span> <span class='ocrx_word' id='word_1_77' title='bbox 1797 843 2046 885; x_wconf 85' lang='lat' dir='ltr'>Praefectus</span> 
     </span>
     <span class='ocr_line' id='line_1_11' title="bbox 327 910 2047 971; baseline -0.004 -12"><span class='ocrx_word' id='word_1_78' title='bbox 327 916 518 971; x_wconf 83' lang='lat' dir='ltr'>Aegypti</span> <span class='ocrx_word' id='word_1_79' title='bbox 554 917 582 956; x_wconf 86' lang='lat' dir='ltr'><em>t.</em></span> <span class='ocrx_word' id='word_1_80' title='bbox 616 917 654 958; x_wconf 87' lang='lat'><em>1.</em></span> <span class='ocrx_word' id='word_1_81' title='bbox 686 918 729 956; x_wconf 88' lang='grc'>2.</span> <span class='ocrx_word' id='word_1_82' title='bbox 794 913 1021 969; x_wconf 83' lang='lat' dir='ltr'>Aquileiae</span> <span class='ocrx_word' id='word_1_83' title='bbox 1061 913 1335 968; x_wconf 86' lang='lat' dir='ltr'>quattuorvir</span> <span class='ocrx_word' id='word_1_84' title='bbox 1373 913 1467 954; x_wconf 90' lang='lat' dir='ltr'>iure</span> <span class='ocrx_word' id='word_1_85' title='bbox 1506 911 1720 962; x_wconf 88' lang='lat' dir='ltr'>dicundo,</span> <span class='ocrx_word' id='word_1_86' title='bbox 1760 911 1917 953; x_wconf 90' lang='lat' dir='ltr'>flamen</span> <span class='ocrx_word' id='word_1_87' title='bbox 1955 910 2047 952; x_wconf 83' lang='lat' dir='ltr'>divi</span> 
     </span>
    </p>
   </div>
   <div class='ocr_carea' id='block_1_5' title="bbox 330 978 2119 1037">
    <p class='ocr_par' dir='ltr' id='par_1_5' title="bbox 330 978 2119 1037">
     <span class='ocr_line' id='line_1_12' title="bbox 330 978 2119 1037; baseline -0.003 -11"><span class='ocrx_word' id='word_1_88' title='bbox 330 983 502 1027; x_wconf 84' lang='lat' dir='ltr'>Claudii</span> <span class='ocrx_word' id='word_1_89' title='bbox 533 986 561 1024; x_wconf 90' lang='lat' dir='ltr'><em>t.</em></span> <span class='ocrx_word' id='word_1_90' title='bbox 593 986 630 1024; x_wconf 90' lang='lat'>1.</span> <span class='ocrx_word' id='word_1_91' title='bbox 690 982 847 1024; x_wconf 83' lang='lat' dir='ltr'>Merita</span> <span class='ocrx_word' id='word_1_92' title='bbox 886 982 978 1023; x_wconf 89' lang='lat' dir='ltr'>eius</span> <span class='ocrx_word' id='word_1_93' title='bbox 1017 995 1119 1036; x_wconf 88' lang='lat' dir='ltr'>erga</span> <span class='ocrx_word' id='word_1_94' title='bbox 1149 980 1449 1037; x_wconf 85' lang='lat' dir='ltr'>Aquileienses</span> <span class='ocrx_word' id='word_1_95' title='bbox 1480 983 1507 1025; x_wconf 85' lang='lat' dir='ltr'><em>t.</em></span> <span class='ocrx_word' id='word_1_96' title='bbox 1539 984 1578 1023; x_wconf 84' lang='lat'>1.</span> <span class='ocrx_word' id='word_1_97' title='bbox 1637 981 1873 1036; x_wconf 89' lang='lat' dir='ltr'>Propterea</span> <span class='ocrx_word' id='word_1_98' title='bbox 1901 978 1957 1021; x_wconf 90' lang='lat' dir='ltr'>ab</span> <span class='ocrx_word' id='word_1_99' title='bbox 1987 979 2047 1020; x_wconf 91' lang='lat' dir='ltr'>eis</span> <span class='ocrx_word' id='word_1_100' title='bbox 2115 1025 2119 1029; x_wconf 51' lang='grc'><strong><em>,</em></strong></span> 
     </span>
    </p>
   </div>
   <div class='ocr_carea' id='block_1_6' title="bbox 245 1048 2048 1722">
    <p class='ocr_par' dir='ltr' id='par_1_6' title="bbox 330 1048 1782 1095">
     <span class='ocr_line' id='line_1_13' title="bbox 330 1048 1782 1095; baseline -0.001 -1"><span class='ocrx_word' id='word_1_101' title='bbox 330 1059 472 1095; x_wconf 87' lang='lat' dir='ltr'>statua</span> <span class='ocrx_word' id='word_1_102' title='bbox 501 1065 627 1093; x_wconf 86' lang='lat' dir='ltr'>aerea</span> <span class='ocrx_word' id='word_1_103' title='bbox 656 1050 890 1092; x_wconf 88' lang='lat' dir='ltr'>honoratus</span> <span class='ocrx_word' id='word_1_104' title='bbox 920 1065 957 1093; x_wconf 92' lang='lat' dir='ltr'>a.</span> <span class='ocrx_word' id='word_1_105' title='bbox 993 1050 1072 1092; x_wconf 91' lang='lat'>105</span> <span class='ocrx_word' id='word_1_106' title='bbox 1104 1049 1251 1091; x_wconf 80' lang='lat' dir='ltr'>titulus</span> <span class='ocrx_word' id='word_1_107' title='bbox 1282 1049 1407 1091; x_wconf 79' lang='lat' dir='ltr'>huius</span> <span class='ocrx_word' id='word_1_108' title='bbox 1435 1052 1602 1091; x_wconf 77' lang='lat' dir='ltr'>statuae</span> <span class='ocrx_word' id='word_1_109' title='bbox 1631 1048 1672 1090; x_wconf 91' lang='lat' dir='ltr'><strong><em>V</em></strong></span> <span class='ocrx_word' id='word_1_110' title='bbox 1689 1051 1782 1092; x_wconf 89' lang='lat'><em>875.</em></span> 
     </span>
    </p>

    <p class='ocr_par' dir='ltr' id='par_1_7' title="bbox 246 1116 2048 1584">
     <span class='ocr_line' id='line_1_14' title="bbox 246 1116 2048 1174; baseline -0.003 -10"><span class='ocrx_word' id='word_1_111' title='bbox 246 1123 328 1164; x_wconf 81' lang='lat'>436</span> <span class='ocrx_word' id='word_1_112' title='bbox 360 1121 561 1162; x_wconf 88' lang='lat' dir='ltr'>Minicius</span> <span class='ocrx_word' id='word_1_113' title='bbox 601 1120 746 1160; x_wconf 87' lang='lat' dir='ltr'>Iustus</span> <span class='ocrx_word' id='word_1_114' title='bbox 787 1119 863 1174; x_wconf 77' lang='lat' dir='ltr'>(sic</span> <span class='ocrx_word' id='word_1_115' title='bbox 895 1132 962 1172; x_wconf 76' lang='lat' dir='ltr'>ap.</span> <span class='ocrx_word' id='word_1_116' title='bbox 994 1118 1112 1159; x_wconf 80' lang='lat' dir='ltr'>Plin.</span> <span class='ocrx_word' id='word_1_117' title='bbox 1151 1132 1212 1172; x_wconf 73' lang='lat' dir='ltr'>ep.</span> <span class='ocrx_word' id='word_1_118' title='bbox 1246 1121 1282 1168; x_wconf 90' lang='lat'><em>7,</em></span> <span class='ocrx_word' id='word_1_119' title='bbox 1314 1121 1366 1160; x_wconf 93' lang='lat'>11</span> <span class='ocrx_word' id='word_1_120' title='bbox 1405 1117 1533 1160; x_wconf 64' lang='lat' dir='ltr'>coclea</span> <span class='ocrx_word' id='word_1_121' title='bbox 1569 1117 1616 1159; x_wconf 90' lang='lat' dir='ltr'>in</span> <span class='ocrx_word' id='word_1_122' title='bbox 1655 1116 1735 1158; x_wconf 78' lang='lat' dir='ltr'>hac</span> <span class='ocrx_word' id='word_1_123' title='bbox 1774 1116 2048 1171; x_wconf 74' lang='lat' dir='ltr'>epistularum</span> 
     </span>
     <span class='ocr_line' id='line_1_15' title="bbox 327 1184 2046 1244; baseline -0.003 -13"><span class='ocrx_word' id='word_1_124' title='bbox 327 1192 456 1244; x_wconf 70' lang='lat' dir='ltr'>parte</span> <span class='ocrx_word' id='word_1_125' title='bbox 487 1188 677 1242; x_wconf 70' lang='lat' dir='ltr'>optimus,</span> <span class='ocrx_word' id='word_1_126' title='bbox 710 1186 943 1241; x_wconf 88' lang='lat' dir='ltr'>[Mi]nieius</span> <span class='ocrx_word' id='word_1_127' title='bbox 973 1187 1119 1228; x_wconf 91' lang='lat' dir='ltr'>Iustus</span> <span class='ocrx_word' id='word_1_128' title='bbox 1151 1188 1239 1229; x_wconf 86' lang='lat' dir='ltr'>test.</span> <span class='ocrx_word' id='word_1_129' title='bbox 1271 1185 1474 1236; x_wconf 72' lang='lat' dir='ltr'>Dasum,</span> <span class='ocrx_word' id='word_1_130' title='bbox 1511 1185 1730 1226; x_wconf 87' lang='lat' dir='ltr'>Municius</span> <span class='ocrx_word' id='word_1_131' title='bbox 1760 1185 1904 1226; x_wconf 87' lang='lat' dir='ltr'>Iustus</span> <span class='ocrx_word' id='word_1_132' title='bbox 1935 1184 2046 1226; x_wconf 83' lang='lat' dir='ltr'>trad.</span> 
     </span>
     <span class='ocr_line' id='line_1_16' title="bbox 332 1252 2046 1312; baseline -0.003 -13"><span class='ocrx_word' id='word_1_133' title='bbox 332 1273 399 1312; x_wconf 68' lang='lat' dir='ltr'><em>ay).</em></span> <span class='ocrx_word' id='word_1_134' title='bbox 437 1258 566 1312; x_wconf 74' lang='lat' dir='ltr'>Tac),</span> <span class='ocrx_word' id='word_1_135' title='bbox 598 1256 839 1312; x_wconf 84' lang='lat' dir='ltr'>praefectus</span> <span class='ocrx_word' id='word_1_136' title='bbox 874 1261 1112 1296; x_wconf 88' lang='lat' dir='ltr'>castrorum</span> <span class='ocrx_word' id='word_1_137' title='bbox 1142 1254 1324 1308; x_wconf 86' lang='lat' dir='ltr'>legionis</span> <span class='ocrx_word' id='word_1_138' title='bbox 1356 1255 1561 1309; x_wconf 84' lang='lat' dir='ltr'>septimae</span> <span class='ocrx_word' id='word_1_139' title='bbox 1591 1269 1629 1295; x_wconf 91' lang='lat' dir='ltr'>a.</span> <span class='ocrx_word' id='word_1_140' title='bbox 1661 1253 1715 1295; x_wconf 83' lang='lat'>69</span> <span class='ocrx_word' id='word_1_141' title='bbox 1747 1253 1844 1296; x_wconf 82' lang='lat' dir='ltr'>Tac.</span> <span class='ocrx_word' id='word_1_142' title='bbox 1875 1252 1915 1294; x_wconf 80' lang='lat' dir='ltr'>h.</span> <span class='ocrx_word' id='word_1_143' title='bbox 1945 1256 1984 1304; x_wconf 82' lang='lat'>3,</span> <span class='ocrx_word' id='word_1_144' title='bbox 2009 1256 2046 1294; x_wconf 93' lang='lat'>7.</span> 
     </span>
     <span class='ocr_line' id='line_1_17' title="bbox 331 1322 2048 1378; baseline -0.003 -11"><span class='ocrx_word' id='word_1_145' title='bbox 331 1327 512 1368; x_wconf 84' lang='lat' dir='ltr'>Maritus</span> <span class='ocrx_word' id='word_1_146' title='bbox 548 1323 759 1366; x_wconf 85' lang='lat' dir='ltr'>Corelliae</span> <span class='ocrx_word' id='word_1_147' title='bbox 797 1324 926 1365; x_wconf 89' lang='lat' dir='ltr'>matri</span> <span class='ocrx_word' id='word_1_148' title='bbox 967 1322 1097 1364; x_wconf 89' lang='lat' dir='ltr'>Plinii</span> <span class='ocrx_word' id='word_1_149' title='bbox 1143 1322 1521 1376; x_wconf 81' lang='lat' dir='ltr'>familiarissimae3</span> <span class='ocrx_word' id='word_1_150' title='bbox 1568 1323 1649 1378; x_wconf 89' lang='lat' dir='ltr'>ipsi</span> <span class='ocrx_word' id='word_1_151' title='bbox 1688 1336 1861 1378; x_wconf 92' lang='lat' dir='ltr'>quoque</span> <span class='ocrx_word' id='word_1_152' title='bbox 1900 1327 2048 1363; x_wconf 90' lang='lat' dir='ltr'>vetera</span> 
     </span>
     <span class='ocr_line' id='line_1_18' title="bbox 330 1389 2047 1445; baseline -0.002 -10"><span class='ocrx_word' id='word_1_153' title='bbox 330 1409 427 1436; x_wconf 91' lang='lat' dir='ltr'>cum</span> <span class='ocrx_word' id='word_1_154' title='bbox 457 1393 596 1435; x_wconf 90' lang='lat' dir='ltr'>Plinio</span> <span class='ocrx_word' id='word_1_155' title='bbox 628 1392 841 1433; x_wconf 85' lang='lat' dir='ltr'>amicitiae</span> <span class='ocrx_word' id='word_1_156' title='bbox 871 1392 970 1433; x_wconf 66' lang='lat' dir='ltr'>iura:</span> <span class='ocrx_word' id='word_1_157' title='bbox 996 1391 1114 1432; x_wconf 87' lang='lat' dir='ltr'>Plin.</span> <span class='ocrx_word' id='word_1_158' title='bbox 1144 1405 1205 1445; x_wconf 76' lang='lat' dir='ltr'>ep.</span> <span class='ocrx_word' id='word_1_159' title='bbox 1238 1394 1275 1441; x_wconf 92' lang='lat'><em>7,</em></span> <span class='ocrx_word' id='word_1_160' title='bbox 1307 1394 1373 1441; x_wconf 90' lang='lat'>11,</span> <span class='ocrx_word' id='word_1_161' title='bbox 1403 1394 1443 1433; x_wconf 89' lang='grc'>4.</span> <span class='ocrx_word' id='word_1_162' title='bbox 1508 1390 1764 1432; x_wconf 87' lang='lat' dir='ltr'>Nominatur</span> <span class='ocrx_word' id='word_1_163' title='bbox 1793 1390 1905 1431; x_wconf 90' lang='lat' dir='ltr'>inter</span> <span class='ocrx_word' id='word_1_164' title='bbox 1935 1389 2047 1444; x_wconf 89' lang='lat' dir='ltr'>lega-</span> 
     </span>
     <span class='ocr_line' id='line_1_19' title="bbox 335 1455 2048 1509; baseline -0.003 -5"><span class='ocrx_word' id='word_1_165' title='bbox 335 1463 466 1504; x_wconf 86' lang='lat' dir='ltr'>tarios</span> <span class='ocrx_word' id='word_1_166' title='bbox 505 1461 747 1502; x_wconf 85' lang='lat' dir='ltr'>testamenti</span> <span class='ocrx_word' id='word_1_167' title='bbox 789 1460 1047 1502; x_wconf 89' lang='lat' dir='ltr'>Dasumiani</span> <span class='ocrx_word' id='word_1_168' title='bbox 1079 1459 1146 1502; x_wconf 92' lang='lat' dir='ltr'>VI</span> <span class='ocrx_word' id='word_1_169' title='bbox 1168 1462 1311 1503; x_wconf 89' lang='grc'><strong><em>10229</em></strong></span> <span class='ocrx_word' id='word_1_170' title='bbox 1341 1473 1383 1501; x_wconf 94' lang='lat' dir='ltr'>n.</span> <span class='ocrx_word' id='word_1_171' title='bbox 1410 1455 1477 1502; x_wconf 88' lang='grc'><strong><em>19.</em></strong></span> <span class='ocrx_word' id='word_1_172' title='bbox 1508 1483 1562 1489; x_wconf 89' lang='grc'>-</span> <span class='ocrx_word' id='word_1_173' title='bbox 1593 1459 1819 1509; x_wconf 82' lang='lat' dir='ltr'>Incertum,</span> <span class='ocrx_word' id='word_1_174' title='bbox 1850 1472 1952 1500; x_wconf 87' lang='lat' dir='ltr'>num</span> <span class='ocrx_word' id='word_1_175' title='bbox 1980 1458 2048 1500; x_wconf 79' lang='lat' dir='ltr'>hic</span> 
     </span>
     <span class='ocr_line' id='line_1_20' title="bbox 330 1527 1311 1584; baseline -0.002 -13"><span class='ocrx_word' id='word_1_176' title='bbox 330 1531 490 1580; x_wconf 80' lang='lat' dir='ltr'>Iustus,</span> <span class='ocrx_word' id='word_1_177' title='bbox 521 1528 575 1570; x_wconf 88' lang='lat' dir='ltr'>ad</span> <span class='ocrx_word' id='word_1_178' title='bbox 602 1543 729 1584; x_wconf 90' lang='lat' dir='ltr'>quem</span> <span class='ocrx_word' id='word_1_179' title='bbox 760 1528 926 1570; x_wconf 91' lang='lat' dir='ltr'>Plinius</span> <span class='ocrx_word' id='word_1_180' title='bbox 958 1527 1076 1570; x_wconf 86' lang='lat' dir='ltr'>dedit</span> <span class='ocrx_word' id='word_1_181' title='bbox 1106 1542 1167 1582; x_wconf 73' lang='lat' dir='ltr'>ep.</span> <span class='ocrx_word' id='word_1_182' title='bbox 1201 1531 1237 1578; x_wconf 86' lang='lat'><em>7,</em></span> <span class='ocrx_word' id='word_1_183' title='bbox 1268 1530 1311 1571; x_wconf 89' lang='grc'><strong><em>2.</em></strong></span> 
     </span>
    </p>

    <p class='ocr_par' dir='ltr' id='par_1_8' title="bbox 245 1594 2048 1722">
     <span class='ocr_line' id='line_1_21' title="bbox 245 1594 2048 1653; baseline -0.003 -11"><span class='ocrx_word' id='word_1_184' title='bbox 245 1600 327 1642; x_wconf 84' lang='grc'>437</span> <span class='ocrx_word' id='word_1_185' title='bbox 361 1598 413 1651; x_wconf 76' lang='lat' dir='ltr'><em>Q.</em></span> <span class='ocrx_word' id='word_1_186' title='bbox 445 1598 646 1639; x_wconf 88' lang='lat' dir='ltr'>Minicius</span> <span class='ocrx_word' id='word_1_187' title='bbox 672 1597 839 1653; x_wconf 83' lang='lat' dir='ltr'>Macer:</span> <span class='ocrx_word' id='word_1_188' title='bbox 871 1612 949 1653; x_wconf 89' lang='lat' dir='ltr'>pro</span> <span class='ocrx_word' id='word_1_189' title='bbox 979 1596 1115 1638; x_wconf 89' lang='lat' dir='ltr'>salute</span> <span class='ocrx_word' id='word_1_190' title='bbox 1145 1597 1237 1638; x_wconf 91' lang='lat' dir='ltr'>eius</span> <span class='ocrx_word' id='word_1_191' title='bbox 1265 1602 1412 1638; x_wconf 90' lang='lat' dir='ltr'>votum</span> <span class='ocrx_word' id='word_1_192' title='bbox 1443 1594 1629 1637; x_wconf 89' lang='lat' dir='ltr'>solutum</span> <span class='ocrx_word' id='word_1_193' title='bbox 1661 1594 1832 1638; x_wconf 78' lang='lat' dir='ltr'><em>V4292</em></span> <span class='ocrx_word' id='word_1_194' title='bbox 1861 1595 1923 1649; x_wconf 88' lang='lat' dir='ltr'>(in</span> <span class='ocrx_word' id='word_1_195' title='bbox 1945 1608 2048 1649; x_wconf 73' lang='lat' dir='ltr'>ayro</span> 
     </span>
     <span class='ocr_line' id='line_1_22' title="bbox 331 1664 1887 1722; baseline -0.002 -14"><span class='ocrx_word' id='word_1_196' title='bbox 331 1667 577 1722; x_wconf 71' lang='lat' dir='ltr'>Brixiano).</span> <span class='ocrx_word' id='word_1_197' title='bbox 631 1665 835 1707; x_wconf 76' lang='lat' dir='ltr'>Fortasse</span> <span class='ocrx_word' id='word_1_198' title='bbox 859 1665 1086 1719; x_wconf 73' lang='lat' dir='ltr'>parentela</span> <span class='ocrx_word' id='word_1_199' title='bbox 1116 1665 1360 1707; x_wconf 87' lang='lat' dir='ltr'>coniunctus</span> <span class='ocrx_word' id='word_1_200' title='bbox 1390 1678 1483 1706; x_wconf 73' lang='lat' dir='ltr'>cuin</span> <span class='ocrx_word' id='word_1_201' title='bbox 1512 1678 1558 1706; x_wconf 90' lang='lat' dir='ltr'>eo</span> <span class='ocrx_word' id='word_1_202' title='bbox 1587 1664 1662 1717; x_wconf 79' lang='lat' dir='ltr'>qui</span> <span class='ocrx_word' id='word_1_203' title='bbox 1688 1664 1887 1717; x_wconf 78' lang='lat' dir='ltr'>sequitur.</span> 
     </span>
    </p>
   </div>
   <div class='ocr_carea' id='block_1_7' title="bbox 247 1732 2133 1788">
    <p class='ocr_par' dir='ltr' id='par_1_9' title="bbox 247 1732 2133 1788">
     <span class='ocr_line' id='line_1_23' title="bbox 247 1732 2133 1788; baseline -0.002 -11"><span class='ocrx_word' id='word_1_204' title='bbox 247 1737 328 1778; x_wconf 81' lang='lat'>438</span> <span class='ocrx_word' id='word_1_205' title='bbox 360 1735 562 1776; x_wconf 86' lang='lat' dir='ltr'>Minicius</span> <span class='ocrx_word' id='word_1_206' title='bbox 592 1734 812 1775; x_wconf 84' lang='lat' dir='ltr'>Macrinus</span> <span class='ocrx_word' id='word_1_207' title='bbox 844 1734 1012 1788; x_wconf 89' lang='lat' dir='ltr'>(Minic-</span> <span class='ocrx_word' id='word_1_208' title='bbox 1046 1734 1225 1787; x_wconf 72' lang='lat' dir='ltr'>optimus</span> <span class='ocrx_word' id='word_1_209' title='bbox 1246 1733 1373 1775; x_wconf 69' lang='lat' dir='ltr'>cocleae</span> <span class='ocrx_word' id='word_1_210' title='bbox 1394 1732 1653 1783; x_wconf 80' lang='lat' dir='ltr'>Medicaeus,</span> <span class='ocrx_word' id='word_1_211' title='bbox 1684 1733 1854 1787; x_wconf 69' lang='lat' dir='ltr'>minut-7</span> <span class='ocrx_word' id='word_1_212' title='bbox 1886 1732 2047 1774; x_wconf 82' lang='lat' dir='ltr'>munic·</span> <span class='ocrx_word' id='word_1_213' title='bbox 2131 1748 2133 1750; x_wconf 54' lang='lat'><strong><em>¹</em></strong></span> 
     </span>
    </p>
   </div>
   <div class='ocr_carea' id='block_1_8' title="bbox 245 1801 2058 3291">
    <p class='ocr_par' dir='ltr' id='par_1_10' title="bbox 330 1801 2050 2198">
     <span class='ocr_line' id='line_1_24' title="bbox 332 1801 2050 1858; baseline -0.002 -14"><span class='ocrx_word' id='word_1_214' title='bbox 332 1803 439 1856; x_wconf 82' lang='lat' dir='ltr'>alii),</span> <span class='ocrx_word' id='word_1_215' title='bbox 463 1802 707 1856; x_wconf 79' lang='lat' dir='ltr'>Brixianus,</span> <span class='ocrx_word' id='word_1_216' title='bbox 733 1802 943 1858; x_wconf 88' lang='lat' dir='ltr'>equestris</span> <span class='ocrx_word' id='word_1_217' title='bbox 970 1802 1132 1843; x_wconf 88' lang='lat' dir='ltr'>ordinis</span> <span class='ocrx_word' id='word_1_218' title='bbox 1153 1803 1374 1857; x_wconf 80' lang='lat' dir='ltr'>princeps3</span> <span class='ocrx_word' id='word_1_219' title='bbox 1397 1801 1588 1843; x_wconf 88' lang='lat' dir='ltr'>adlectus</span> <span class='ocrx_word' id='word_1_220' title='bbox 1609 1816 1635 1843; x_wconf 87' lang='lat' dir='ltr'>a</span> <span class='ocrx_word' id='word_1_221' title='bbox 1649 1801 1915 1856; x_wconf 89' lang='lat' dir='ltr'>Vespasiano</span> <span class='ocrx_word' id='word_1_222' title='bbox 1937 1801 2050 1842; x_wconf 88' lang='lat' dir='ltr'>inter</span> 
     </span>
     <span class='ocr_line' id='line_1_25' title="bbox 330 1865 2049 1927; baseline -0.001 -17"><span class='ocrx_word' id='word_1_223' title='bbox 330 1872 565 1927; x_wconf 82' lang='lat' dir='ltr'>praetorios</span> <span class='ocrx_word' id='word_1_224' title='bbox 588 1884 636 1911; x_wconf 94' lang='lat' dir='ltr'>eo</span> <span class='ocrx_word' id='word_1_225' title='bbox 659 1870 820 1911; x_wconf 88' lang='lat' dir='ltr'>honore</span> <span class='ocrx_word' id='word_1_226' title='bbox 842 1871 902 1912; x_wconf 89' lang='lat' dir='ltr'>uti</span> <span class='ocrx_word' id='word_1_227' title='bbox 930 1869 1069 1912; x_wconf 91' lang='lat' dir='ltr'>noluit</span> <span class='ocrx_word' id='word_1_228' title='bbox 1090 1870 1208 1911; x_wconf 85' lang='lat' dir='ltr'>Plin.</span> <span class='ocrx_word' id='word_1_229' title='bbox 1227 1884 1288 1924; x_wconf 69' lang='lat' dir='ltr'>ep.</span> <span class='ocrx_word' id='word_1_230' title='bbox 1306 1873 1344 1920; x_wconf 95' lang='lat'>1,</span> <span class='ocrx_word' id='word_1_231' title='bbox 1362 1873 1427 1920; x_wconf 92' lang='grc'>14,</span> <span class='ocrx_word' id='word_1_232' title='bbox 1444 1872 1481 1914; x_wconf 90' lang='grc'>5.</span> <span class='ocrx_word' id='word_1_233' title='bbox 1524 1865 1658 1911; x_wconf 78' lang='lat' dir='ltr'>Pater‘</span> <span class='ocrx_word' id='word_1_234' title='bbox 1673 1869 1839 1911; x_wconf 91' lang='lat' dir='ltr'>Minicii</span> <span class='ocrx_word' id='word_1_235' title='bbox 1861 1868 2049 1910; x_wconf 90' lang='lat' dir='ltr'>Aciliani</span> 
     </span>
     <span class='ocr_line' id='line_1_26' title="bbox 330 1937 2048 1994; baseline -0.001 -14"><span class='ocrx_word' id='word_1_236' title='bbox 330 1940 476 1994; x_wconf 66' lang='lat' dir='ltr'>(supra</span> <span class='ocrx_word' id='word_1_237' title='bbox 515 1953 556 1982; x_wconf 88' lang='lat' dir='ltr'>n.</span> <span class='ocrx_word' id='word_1_238' title='bbox 577 1939 679 1993; x_wconf 90' lang='grc'><strong><em>429)</em></strong></span> <span class='ocrx_word' id='word_1_239' title='bbox 716 1939 772 1981; x_wconf 85' lang='lat' dir='ltr'>ib.</span> <span class='ocrx_word' id='word_1_240' title='bbox 817 1963 867 1967; x_wconf 86' lang='lat'>—</span> <span class='ocrx_word' id='word_1_241' title='bbox 908 1938 1027 1980; x_wconf 73' lang='lat' dir='ltr'>Idem</span> <span class='ocrx_word' id='word_1_242' title='bbox 1055 1942 1103 1980; x_wconf 90' lang='lat' dir='ltr'>ut</span> <span class='ocrx_word' id='word_1_243' title='bbox 1138 1938 1302 1980; x_wconf 79' lang='lat' dir='ltr'>videtur</span> <span class='ocrx_word' id='word_1_244' title='bbox 1341 1938 1561 1980; x_wconf 87' lang='lat' dir='ltr'>Macrinus</span> <span class='ocrx_word' id='word_1_245' title='bbox 1601 1939 1762 1979; x_wconf 84' lang='lat' dir='ltr'>amicus</span> <span class='ocrx_word' id='word_1_246' title='bbox 1803 1937 1934 1979; x_wconf 91' lang='lat' dir='ltr'>Plinii</span> <span class='ocrx_word' id='word_1_247' title='bbox 1972 1937 2048 1993; x_wconf 92' lang='lat' dir='ltr'>qui</span> 
     </span>
     <span class='ocr_line' id='line_1_27' title="bbox 331 2005 2048 2062; baseline -0.001 -14"><span class='ocrx_word' id='word_1_248' title='bbox 331 2022 510 2049; x_wconf 83' lang='lat' dir='ltr'>uxorem</span> <span class='ocrx_word' id='word_1_249' title='bbox 542 2007 682 2048; x_wconf 85' lang='lat' dir='ltr'>amisit</span> <span class='ocrx_word' id='word_1_250' title='bbox 709 2012 806 2062; x_wconf 92' lang='lat' dir='ltr'>post</span> <span class='ocrx_word' id='word_1_251' title='bbox 837 2007 1084 2060; x_wconf 87' lang='lat' dir='ltr'>coniugium</span> <span class='ocrx_word' id='word_1_252' title='bbox 1114 2007 1293 2061; x_wconf 82' lang='lat' dir='ltr'>triginta</span> <span class='ocrx_word' id='word_1_253' title='bbox 1313 2021 1467 2048; x_wconf 87' lang='lat' dir='ltr'>novem</span> <span class='ocrx_word' id='word_1_254' title='bbox 1494 2021 1703 2048; x_wconf 86' lang='lat' dir='ltr'>annorum</span> <span class='ocrx_word' id='word_1_255' title='bbox 1726 2005 1842 2047; x_wconf 81' lang='lat' dir='ltr'>Plin.</span> <span class='ocrx_word' id='word_1_256' title='bbox 1864 2020 1925 2060; x_wconf 75' lang='lat' dir='ltr'>ep.</span> <span class='ocrx_word' id='word_1_257' title='bbox 1947 2008 1988 2055; x_wconf 87' lang='grc'>8,</span> <span class='ocrx_word' id='word_1_258' title='bbox 2009 2007 2048 2047; x_wconf 89' lang='grc'><strong><em>5.</em></strong></span> 
     </span>
     <span class='ocr_line' id='line_1_28' title="bbox 330 2073 2049 2130; baseline -0.002 -13"><span class='ocrx_word' id='word_1_259' title='bbox 330 2075 535 2118; x_wconf 83' lang='lat' dir='ltr'>Diversus</span> <span class='ocrx_word' id='word_1_260' title='bbox 586 2074 761 2128; x_wconf 86' lang='lat' dir='ltr'>(scilicet</span> <span class='ocrx_word' id='word_1_261' title='bbox 815 2074 1060 2129; x_wconf 82' lang='lat' dir='ltr'>Cornelius)</span> <span class='ocrx_word' id='word_1_262' title='bbox 1110 2075 1332 2117; x_wconf 88' lang='lat' dir='ltr'>Macrinus</span> <span class='ocrx_word' id='word_1_263' title='bbox 1388 2074 1442 2116; x_wconf 87' lang='lat' dir='ltr'>ad</span> <span class='ocrx_word' id='word_1_264' title='bbox 1492 2089 1619 2130; x_wconf 91' lang='lat' dir='ltr'>quem</span> <span class='ocrx_word' id='word_1_265' title='bbox 1665 2075 1838 2130; x_wconf 88' lang='lat' dir='ltr'>scripsit</span> <span class='ocrx_word' id='word_1_266' title='bbox 1883 2073 2049 2116; x_wconf 86' lang='lat' dir='ltr'>Plinius</span> 
     </span>
     <span class='ocr_line' id='line_1_29' title="bbox 332 2145 1031 2198; baseline -0.003 -12"><span class='ocrx_word' id='word_1_267' title='bbox 332 2159 394 2198; x_wconf 74' lang='lat' dir='ltr'>ep.</span> <span class='ocrx_word' id='word_1_268' title='bbox 416 2147 459 2194; x_wconf 83' lang='grc'>2,</span> <span class='ocrx_word' id='word_1_269' title='bbox 486 2146 523 2184; x_wconf 86' lang='grc'>7.</span> <span class='ocrx_word' id='word_1_270' title='bbox 558 2146 594 2193; x_wconf 90' lang='lat'><em>7,</em></span> <span class='ocrx_word' id='word_1_271' title='bbox 617 2146 654 2184; x_wconf 87' lang='grc'>6.</span> <span class='ocrx_word' id='word_1_272' title='bbox 676 2146 742 2184; x_wconf 84' lang='grc'>10.</span> <span class='ocrx_word' id='word_1_273' title='bbox 773 2145 812 2193; x_wconf 83' lang='grc'>8,</span> <span class='ocrx_word' id='word_1_274' title='bbox 835 2146 901 2184; x_wconf 82' lang='lat'>17.</span> <span class='ocrx_word' id='word_1_275' title='bbox 933 2146 971 2192; x_wconf 83' lang='lat'>9,</span> <span class='ocrx_word' id='word_1_276' title='bbox 993 2146 1031 2185; x_wconf 82' lang='grc'>4.</span> 
     </span>
    </p>

    <p class='ocr_par' dir='ltr' id='par_1_11' title="bbox 245 2209 2058 2540">
     <span class='ocr_line' id='line_1_30' title="bbox 245 2209 2058 2266; baseline -0.001 -12"><span class='ocrx_word' id='word_1_277' title='bbox 245 2213 329 2255; x_wconf 82' lang='lat'>439</span> <span class='ocrx_word' id='word_1_278' title='bbox 358 2219 402 2254; x_wconf 90' lang='lat' dir='ltr'>L.</span> <span class='ocrx_word' id='word_1_279' title='bbox 436 2217 661 2252; x_wconf 86' lang='lat' dir='ltr'>MINICIVS</span> <span class='ocrx_word' id='word_1_280' title='bbox 702 2217 931 2252; x_wconf 78' lang='lat' dir='ltr'>NATALIS.</span> <span class='ocrx_word' id='word_1_281' title='bbox 1006 2211 1165 2253; x_wconf 78' lang='lat' dir='ltr'>Tituli:</span> <span class='ocrx_word' id='word_1_282' title='bbox 1202 2211 1534 2253; x_wconf 72' lang='lat' dir='ltr'>Barcinonensis</span> <span class='ocrx_word' id='word_1_283' title='bbox 1572 2211 1633 2252; x_wconf 92' lang='lat' dir='ltr'>II</span> <span class='ocrx_word' id='word_1_284' title='bbox 1663 2213 1771 2252; x_wconf 90' lang='grc'><strong><em>4509</em></strong></span> <span class='ocrx_word' id='word_1_285' title='bbox 1812 2214 1850 2253; x_wconf 90' lang='lat' dir='ltr'>et</span> <span class='ocrx_word' id='word_1_286' title='bbox 1880 2209 2058 2266; x_wconf 75' lang='lat' dir='ltr'>plenius</span> 
     </span>
     <span class='ocr_line' id='line_1_31' title="bbox 330 2279 2051 2334; baseline -0.001 -12"><span class='ocrx_word' id='word_1_287' title='bbox 330 2281 391 2322; x_wconf 90' lang='lat' dir='ltr'>II</span> <span class='ocrx_word' id='word_1_288' title='bbox 415 2279 461 2322; x_wconf 78' lang='lat' dir='ltr'>S.</span> <span class='ocrx_word' id='word_1_289' title='bbox 493 2282 601 2321; x_wconf 86' lang='grc'>6145</span> <span class='ocrx_word' id='word_1_290' title='bbox 630 2279 712 2334; x_wconf 82' lang='grc' dir='ltr'><strong><em>(Ι),·</em></strong></span> <span class='ocrx_word' id='word_1_291' title='bbox 749 2280 939 2321; x_wconf 84' lang='lat' dir='ltr'>urbanus</span> <span class='ocrx_word' id='word_1_292' title='bbox 980 2280 1101 2322; x_wconf 79' lang='lat' dir='ltr'>valde</span> <span class='ocrx_word' id='word_1_293' title='bbox 1139 2280 1332 2330; x_wconf 79' lang='lat' dir='ltr'>mutilus,</span> <span class='ocrx_word' id='word_1_294' title='bbox 1374 2279 1557 2321; x_wconf 83' lang='lat' dir='ltr'>Huelsen</span> <span class='ocrx_word' id='word_1_295' title='bbox 1589 2280 1735 2321; x_wconf 80' lang='lat' dir='ltr'>Mitth.</span> <span class='ocrx_word' id='word_1_296' title='bbox 1768 2279 1839 2322; x_wconf 74' lang='lat' dir='ltr'>cles</span> <span class='ocrx_word' id='word_1_297' title='bbox 1867 2280 1974 2322; x_wconf 89' lang='lat' dir='ltr'>Inst.</span> <span class='ocrx_word' id='word_1_298' title='bbox 2004 2279 2051 2321; x_wconf 86' lang='lat' dir='ltr'>in</span> 
     </span>
     <span class='ocr_line' id='line_1_32' title="bbox 330 2346 2049 2402; baseline 0 -13"><span class='ocrx_word' id='word_1_299' title='bbox 330 2348 442 2389; x_wconf 79' lang='lat' dir='ltr'>Boni</span> <span class='ocrx_word' id='word_1_300' title='bbox 471 2350 580 2389; x_wconf 90' lang='lat'><em>1888</em></span> <span class='ocrx_word' id='word_1_301' title='bbox 600 2362 648 2401; x_wconf 69' lang='lat' dir='ltr'><em>p.</em></span> <span class='ocrx_word' id='word_1_302' title='bbox 670 2351 725 2389; x_wconf 91' lang='grc'>84</span> <span class='ocrx_word' id='word_1_303' title='bbox 755 2347 830 2402; x_wconf 91' lang='grc'><strong><em>(2).</em></strong></span> <span class='ocrx_word' id='word_1_304' title='bbox 894 2348 1161 2390; x_wconf 78' lang='lat' dir='ltr'>Memoratur</span> <span class='ocrx_word' id='word_1_305' title='bbox 1189 2349 1235 2390; x_wconf 88' lang='lat' dir='ltr'>in</span> <span class='ocrx_word' id='word_1_306' title='bbox 1265 2348 1399 2390; x_wconf 83' lang='lat' dir='ltr'>titulis</span> <span class='ocrx_word' id='word_1_307' title='bbox 1431 2347 1661 2390; x_wconf 80' lang='lat' dir='ltr'>Numidiae</span> <span class='ocrx_word' id='word_1_308' title='bbox 1692 2347 1814 2390; x_wconf 91' lang='lat' dir='ltr'><em>VIII</em></span> <span class='ocrx_word' id='word_1_309' title='bbox 1834 2350 1948 2391; x_wconf 87' lang='grc'>2478</span> <span class='ocrx_word' id='word_1_310' title='bbox 1977 2346 2049 2402; x_wconf 81' lang='lat'><em>(3).</em></span> 
     </span>
     <span class='ocr_line' id='line_1_33' title="bbox 332 2415 2051 2471; baseline 0.001 -14"><span class='ocrx_word' id='word_1_311' title='bbox 332 2419 439 2457; x_wconf 88' lang='grc'>4676</span> <span class='ocrx_word' id='word_1_312' title='bbox 469 2415 540 2470; x_wconf 91' lang='grc'><strong><em>(4).</em></strong></span> <span class='ocrx_word' id='word_1_313' title='bbox 583 2416 705 2458; x_wconf 89' lang='lat' dir='ltr'><em>VIII</em></span> <span class='ocrx_word' id='word_1_314' title='bbox 729 2416 774 2458; x_wconf 77' lang='lat' dir='ltr'>S.</span> <span class='ocrx_word' id='word_1_315' title='bbox 802 2420 937 2458; x_wconf 88' lang='grc'><strong><em>17971</em></strong></span> <span class='ocrx_word' id='word_1_316' title='bbox 969 2416 1042 2471; x_wconf 89' lang='grc'><strong><em>(5),</em></strong></span> <span class='ocrx_word' id='word_1_317' title='bbox 1074 2417 1190 2458; x_wconf 85' lang='lat' dir='ltr'>Bull.</span> <span class='ocrx_word' id='word_1_318' title='bbox 1224 2417 1279 2458; x_wconf 80' lang='lat' dir='ltr'>du</span> <span class='ocrx_word' id='word_1_319' title='bbox 1309 2417 1458 2458; x_wconf 69' lang='lat' dir='ltr'>comite*</span> <span class='ocrx_word' id='word_1_320' title='bbox 1485 2416 1524 2460; x_wconf 83' lang='lat' dir='ltr'>cl.</span> <span class='ocrx_word' id='word_1_321' title='bbox 1547 2419 1654 2458; x_wconf 82' lang='lat' dir='ltr'>trav.</span> <span class='ocrx_word' id='word_1_322' title='bbox 1675 2416 1770 2458; x_wconf 78' lang='lat' dir='ltr'>hist.</span> <span class='ocrx_word' id='word_1_323' title='bbox 1792 2419 1904 2459; x_wconf 90' lang='grc'><strong><em>1887</em></strong></span> <span class='ocrx_word' id='word_1_324' title='bbox 1922 2431 1970 2471; x_wconf 76' lang='lat' dir='ltr'><em>p.</em></span> <span class='ocrx_word' id='word_1_325' title='bbox 1991 2419 2051 2459; x_wconf 89' lang='grc'>82</span> 
     </span>
     <span class='ocr_line' id='line_1_34' title="bbox 331 2483 2049 2540; baseline 0.001 -14"><span class='ocrx_word' id='word_1_326' title='bbox 331 2499 372 2526; x_wconf 91' lang='lat' dir='ltr'>n.</span> <span class='ocrx_word' id='word_1_327' title='bbox 397 2487 479 2525; x_wconf 92' lang='grc'>178</span> <span class='ocrx_word' id='word_1_328' title='bbox 500 2483 570 2539; x_wconf 87' lang='grc'><strong><em>(6),</em></strong></span> <span class='ocrx_word' id='word_1_329' title='bbox 604 2487 642 2525; x_wconf 85' lang='lat' dir='ltr'>ct</span> <span class='ocrx_word' id='word_1_330' title='bbox 666 2485 712 2525; x_wconf 85' lang='lat' dir='ltr'>in</span> <span class='ocrx_word' id='word_1_331' title='bbox 743 2484 882 2538; x_wconf 67' lang='lat' dir='ltr'>teyula</span> <span class='ocrx_word' id='word_1_332' title='bbox 912 2485 1096 2526; x_wconf 77' lang='lat' dir='ltr'>incertae</span> <span class='ocrx_word' id='word_1_333' title='bbox 1127 2485 1304 2539; x_wconf 74' lang='lat' dir='ltr'>oriyinis</span> <span class='ocrx_word' id='word_1_334' title='bbox 1330 2485 1451 2527; x_wconf 89' lang='lat' dir='ltr'><em>VIII</em></span> <span class='ocrx_word' id='word_1_335' title='bbox 1463 2488 1604 2528; x_wconf 85' lang='grc'><strong><em>10962</em></strong></span> <span class='ocrx_word' id='word_1_336' title='bbox 1628 2505 1681 2519; x_wconf 83' lang='lat'><strong><em>=</em></strong></span> <span class='ocrx_word' id='word_1_337' title='bbox 1705 2485 1753 2527; x_wconf 92' lang='lat' dir='ltr'><strong><em>X</em></strong></span> <span class='ocrx_word' id='word_1_338' title='bbox 1771 2487 1955 2536; x_wconf 87' lang='grc'><strong><em>8045,12</em></strong></span> <span class='ocrx_word' id='word_1_339' title='bbox 1973 2485 2049 2540; x_wconf 88' lang='lat'><em>(7).</em></span> 
     </span>
    </p>

    <p class='ocr_par' dir='ltr' id='par_1_12' title="bbox 332 2553 2052 2814">
     <span class='ocr_line' id='line_1_35' title="bbox 418 2553 2048 2608; baseline 0.002 -15"><span class='ocrx_word' id='word_1_340' title='bbox 418 2553 468 2594; x_wconf 91' lang='lat' dir='ltr'><em>L.</em></span> <span class='ocrx_word' id='word_1_341' title='bbox 518 2553 720 2594; x_wconf 88' lang='lat' dir='ltr'>Minicius</span> <span class='ocrx_word' id='word_1_342' title='bbox 764 2553 930 2595; x_wconf 85' lang='lat' dir='ltr'>Natalis</span> <span class='ocrx_word' id='word_1_343' title='bbox 975 2557 1003 2597; x_wconf 87' lang='lat' dir='ltr'><em>t.</em></span> <span class='ocrx_word' id='word_1_344' title='bbox 1043 2557 1082 2597; x_wconf 73' lang='grc'>3.</span> <span class='ocrx_word' id='word_1_345' title='bbox 1122 2558 1161 2596; x_wconf 93' lang='grc'>4.</span> <span class='ocrx_word' id='word_1_346' title='bbox 1201 2557 1238 2604; x_wconf 92' lang='grc'>7,</span> <span class='ocrx_word' id='word_1_347' title='bbox 1295 2554 1360 2608; x_wconf 93' lang='lat' dir='ltr'><em>[L.</em></span> <span class='ocrx_word' id='word_1_348' title='bbox 1400 2553 1648 2608; x_wconf 87' lang='lat' dir='ltr'>Mini]c[i]us</span> <span class='ocrx_word' id='word_1_349' title='bbox 1697 2553 1894 2608; x_wconf 82' lang='lat' dir='ltr'>N[at]alis</span> <span class='ocrx_word' id='word_1_350' title='bbox 1939 2557 1966 2596; x_wconf 90' lang='lat' dir='ltr'><em>t.</em></span> <span class='ocrx_word' id='word_1_351' title='bbox 2006 2557 2048 2604; x_wconf 89' lang='grc'>2,</span> 
     </span>
     <span class='ocr_line' id='line_1_36' title="bbox 334 2620 2049 2676; baseline 0.002 -15"><span class='ocrx_word' id='word_1_352' title='bbox 334 2622 384 2662; x_wconf 92' lang='lat' dir='ltr'><em>L.</em></span> <span class='ocrx_word' id='word_1_353' title='bbox 406 2620 626 2674; x_wconf 89' lang='lat' dir='ltr'>Min[icius</span> <span class='ocrx_word' id='word_1_354' title='bbox 647 2620 829 2674; x_wconf 87' lang='lat' dir='ltr'>Na]talis</span> <span class='ocrx_word' id='word_1_355' title='bbox 861 2625 888 2663; x_wconf 90' lang='lat' dir='ltr'><em>t.</em></span> <span class='ocrx_word' id='word_1_356' title='bbox 915 2625 953 2671; x_wconf 87' lang='lat'>1,</span> <span class='ocrx_word' id='word_1_357' title='bbox 986 2654 996 2663; x_wconf 88' lang='lat'>.</span> <span class='ocrx_word' id='word_1_358' title='bbox 1015 2654 1024 2663; x_wconf 92' lang='lat'>.</span> <span class='ocrx_word' id='word_1_359' title='bbox 1043 2655 1052 2664; x_wconf 92' lang='lat'>.</span> <span class='ocrx_word' id='word_1_360' title='bbox 1072 2654 1081 2664; x_wconf 96' lang='lat'>.</span> <span class='ocrx_word' id='word_1_361' title='bbox 1101 2655 1110 2664; x_wconf 93' lang='lat'>.</span> <span class='ocrx_word' id='word_1_362' title='bbox 1127 2637 1177 2663; x_wconf 93' lang='lat' dir='ltr'>us</span> <span class='ocrx_word' id='word_1_363' title='bbox 1208 2621 1373 2663; x_wconf 89' lang='lat' dir='ltr'>Natalis</span> <span class='ocrx_word' id='word_1_364' title='bbox 1399 2625 1427 2663; x_wconf 86' lang='lat' dir='ltr'><em>t.</em></span> <span class='ocrx_word' id='word_1_365' title='bbox 1449 2625 1487 2672; x_wconf 88' lang='lat'>6,</span> <span class='ocrx_word' id='word_1_366' title='bbox 1519 2654 1529 2663; x_wconf 94' lang='lat'>.</span> <span class='ocrx_word' id='word_1_367' title='bbox 1547 2654 1557 2664; x_wconf 97' lang='lat'>.</span> <span class='ocrx_word' id='word_1_368' title='bbox 1576 2654 1585 2664; x_wconf 98' lang='lat'>.</span> <span class='ocrx_word' id='word_1_369' title='bbox 1604 2654 1614 2663; x_wconf 94' lang='lat'>.</span> <span class='ocrx_word' id='word_1_370' title='bbox 1631 2654 1641 2664; x_wconf 92' lang='lat'>.</span> <span class='ocrx_word' id='word_1_371' title='bbox 1658 2654 1669 2664; x_wconf 96' lang='lat'>.</span> <span class='ocrx_word' id='word_1_372' title='bbox 1702 2621 1929 2676; x_wconf 84' lang='lat' dir='ltr'>[N]ata[lis]</span> <span class='ocrx_word' id='word_1_373' title='bbox 1962 2625 1990 2664; x_wconf 89' lang='lat' dir='ltr'><em>t.</em></span> <span class='ocrx_word' id='word_1_374' title='bbox 2011 2625 2049 2664; x_wconf 88' lang='lat'><em>5.</em></span> 
     </span>
     <span class='ocr_line' id='line_1_37' title="bbox 332 2688 2050 2745; baseline 0.002 -16"><span class='ocrx_word' id='word_1_375' title='bbox 332 2689 388 2730; x_wconf 88' lang='lat' dir='ltr'>In</span> <span class='ocrx_word' id='word_1_376' title='bbox 418 2688 638 2730; x_wconf 82' lang='lat' dir='ltr'>consulatu</span> <span class='ocrx_word' id='word_1_377' title='bbox 676 2689 727 2730; x_wconf 92' lang='lat' dir='ltr'><em>L.</em></span> <span class='ocrx_word' id='word_1_378' title='bbox 762 2689 966 2731; x_wconf 83' lang='lat' dir='ltr'>Minicius</span> <span class='ocrx_word' id='word_1_379' title='bbox 1006 2689 1203 2744; x_wconf 87' lang='lat' dir='ltr'>Nata[lis]</span> <span class='ocrx_word' id='word_1_380' title='bbox 1241 2689 1290 2731; x_wconf 95' lang='lat' dir='ltr'><strong>X</strong></span> <span class='ocrx_word' id='word_1_381' title='bbox 1315 2693 1435 2740; x_wconf 82' lang='grc'><strong><em>5670,</em></strong></span> <span class='ocrx_word' id='word_1_382' title='bbox 1476 2689 1546 2745; x_wconf 89' lang='lat' dir='ltr'>[L.</span> <span class='ocrx_word' id='word_1_383' title='bbox 1574 2689 1824 2744; x_wconf 88' lang='lat' dir='ltr'>Mi]n[ici]us</span> <span class='ocrx_word' id='word_1_384' title='bbox 1855 2690 2050 2745; x_wconf 84' lang='lat' dir='ltr'>[Natalis]</span> 
     </span>
     <span class='ocr_line' id='line_1_38' title="bbox 334 2757 2052 2814; baseline 0.002 -17"><span class='ocrx_word' id='word_1_385' title='bbox 334 2757 440 2809; x_wconf 81' lang='lat' dir='ltr'>fasti</span> <span class='ocrx_word' id='word_1_386' title='bbox 470 2757 548 2809; x_wconf 81' lang='lat' dir='ltr'>fer.</span> <span class='ocrx_word' id='word_1_387' title='bbox 580 2757 678 2798; x_wconf 86' lang='lat' dir='ltr'>Lat.</span> <span class='ocrx_word' id='word_1_388' title='bbox 723 2757 774 2798; x_wconf 90' lang='lat' dir='ltr'><em>L.</em></span> <span class='ocrx_word' id='word_1_389' title='bbox 807 2757 834 2800; x_wconf 90' lang='lat' dir='ltr'><em>f.</em></span> <span class='ocrx_word' id='word_1_390' title='bbox 869 2760 895 2799; x_wconf 93' lang='lat' dir='ltr'><em>t.</em></span> <span class='ocrx_word' id='word_1_391' title='bbox 927 2761 969 2800; x_wconf 88' lang='grc'>2.</span> <span class='ocrx_word' id='word_1_392' title='bbox 1017 2757 1302 2810; x_wconf 77' lang='lat' dir='ltr'>Quattuorvir</span> <span class='ocrx_word' id='word_1_393' title='bbox 1322 2759 1494 2799; x_wconf 89' lang='lat' dir='ltr'>viarum</span> <span class='ocrx_word' id='word_1_394' title='bbox 1517 2757 1816 2812; x_wconf 83' lang='lat' dir='ltr'>curandarum,</span> <span class='ocrx_word' id='word_1_395' title='bbox 1849 2764 2052 2814; x_wconf 90' lang='lat' dir='ltr'>quaestor</span> 
     </span>
    </p>

    <p class='ocr_par' dir='ltr' id='par_1_13' title="bbox 291 2822 2053 3291">
     <span class='ocr_line' id='line_1_39' title="bbox 291 2822 2049 2882; baseline 0.002 -18"><span class='ocrx_word' id='word_1_396' title='bbox 291 2863 294 2865; x_wconf 80' lang='grc'><em>,</em></span> <span class='ocrx_word' id='word_1_397' title='bbox 332 2825 580 2880; x_wconf 84' lang='lat' dir='ltr'>provinciae</span> <span class='ocrx_word' id='word_1_398' title='bbox 608 2857 724 2879; x_wconf 81' lang='grc'><strong><em>.....</em></strong></span> <span class='ocrx_word' id='word_1_399' title='bbox 758 2831 808 2868; x_wconf 88' lang='lat' dir='ltr'>tr.</span> <span class='ocrx_word' id='word_1_400' title='bbox 839 2822 997 2881; x_wconf 80' lang='lat' dir='ltr'>plebis,</span> <span class='ocrx_word' id='word_1_401' title='bbox 1029 2833 1221 2882; x_wconf 84' lang='lat' dir='ltr'>praetor,</span> <span class='ocrx_word' id='word_1_402' title='bbox 1255 2826 1419 2880; x_wconf 86' lang='lat' dir='ltr'>legatus</span> <span class='ocrx_word' id='word_1_403' title='bbox 1451 2840 1528 2881; x_wconf 93' lang='lat' dir='ltr'>pro</span> <span class='ocrx_word' id='word_1_404' title='bbox 1559 2841 1623 2881; x_wconf 91' lang='lat' dir='ltr'>pr.</span> <span class='ocrx_word' id='word_1_405' title='bbox 1654 2827 1903 2882; x_wconf 88' lang='lat' dir='ltr'>provinciae</span> <span class='ocrx_word' id='word_1_406' title='bbox 1935 2826 2049 2868; x_wconf 83' lang='lat' dir='ltr'>Afri-</span> 
     </span>
     <span class='ocr_line' id='line_1_40' title="bbox 333 2891 2049 2950; baseline 0.001 -17"><span class='ocrx_word' id='word_1_407' title='bbox 333 2907 428 2946; x_wconf 85' lang='lat' dir='ltr'>cae⁷</span> <span class='ocrx_word' id='word_1_408' title='bbox 469 2891 635 2945; x_wconf 85' lang='lat' dir='ltr'>legatus</span> <span class='ocrx_word' id='word_1_409' title='bbox 677 2893 776 2948; x_wconf 89' lang='lat' dir='ltr'>imp.</span> <span class='ocrx_word' id='word_1_410' title='bbox 806 2893 982 2935; x_wconf 88' lang='lat' dir='ltr'>Traiani</span> <span class='ocrx_word' id='word_1_411' title='bbox 1014 2893 1193 2947; x_wconf 83' lang='lat' dir='ltr'>legionis</span> <span class='ocrx_word' id='word_1_412' title='bbox 1215 2894 1282 2936; x_wconf 88' lang='lat' dir='ltr'>V.</span> <span class='ocrx_word' id='word_1_413' title='bbox 1303 2927 1311 2936; x_wconf 91' lang='lat'>.</span> <span class='ocrx_word' id='word_1_414' title='bbox 1331 2927 1341 2936; x_wconf 93' lang='lat'>.</span> <span class='ocrx_word' id='word_1_415' title='bbox 1360 2926 1369 2935; x_wconf 91' lang='lat'>.</span> <span class='ocrx_word' id='word_1_416' title='bbox 1402 2894 1675 2949; x_wconf 87' lang='lat' dir='ltr'>expeditione</span> <span class='ocrx_word' id='word_1_417' title='bbox 1707 2895 1871 2936; x_wconf 86' lang='lat' dir='ltr'>Dacica</span> <span class='ocrx_word' id='word_1_418' title='bbox 1901 2895 2049 2950; x_wconf 77' lang='lat' dir='ltr'>prima,</span> 
     </span>
     <span class='ocr_line' id='line_1_41' title="bbox 334 2956 2051 3018; baseline 0.001 -17"><span class='ocrx_word' id='word_1_419' title='bbox 334 2960 456 3001; x_wconf 88' lang='lat' dir='ltr'>donis</span> <span class='ocrx_word' id='word_1_420' title='bbox 495 2959 754 3002; x_wconf 88' lang='lat' dir='ltr'>militaribus</span> <span class='ocrx_word' id='word_1_421' title='bbox 793 2960 976 3003; x_wconf 85' lang='lat' dir='ltr'>donatus</span> <span class='ocrx_word' id='word_1_422' title='bbox 1016 2961 1070 3003; x_wconf 90' lang='lat' dir='ltr'>ab</span> <span class='ocrx_word' id='word_1_423' title='bbox 1111 2962 1261 3003; x_wconf 89' lang='lat' dir='ltr'>eodem</span> <span class='ocrx_word' id='word_1_424' title='bbox 1293 2965 1320 3006; x_wconf 92' lang='lat' dir='ltr'><em>t.</em></span> <span class='ocrx_word' id='word_1_425' title='bbox 1347 2966 1384 3003; x_wconf 89' lang='lat'>1.</span> <span class='ocrx_word' id='word_1_426' title='bbox 1416 2966 1458 3004; x_wconf 90' lang='grc'>2.</span> <span class='ocrx_word' id='word_1_427' title='bbox 1523 2956 1714 3016; x_wconf 89' lang='lat' dir='ltr'>Legatus</span> <span class='ocrx_word' id='word_1_428' title='bbox 1743 2963 1844 3018; x_wconf 89' lang='lat' dir='ltr'>imp.</span> <span class='ocrx_word' id='word_1_429' title='bbox 1876 2963 2051 3004; x_wconf 84' lang='lat' dir='ltr'>Traiani</span> 
     </span>
     <span class='ocr_line' id='line_1_42' title="bbox 333 3028 2052 3084; baseline 0.001 -15"><span class='ocrx_word' id='word_1_430' title='bbox 333 3028 515 3082; x_wconf 86' lang='lat' dir='ltr'>legionis</span> <span class='ocrx_word' id='word_1_431' title='bbox 545 3029 613 3070; x_wconf 94' lang='grc' dir='ltr'>ΙΙΙ</span> <span class='ocrx_word' id='word_1_432' title='bbox 641 3028 865 3082; x_wconf 86' lang='lat' dir='ltr'>Augustae</span> <span class='ocrx_word' id='word_1_433' title='bbox 896 3032 921 3073; x_wconf 92' lang='lat' dir='ltr'><em>t.</em></span> <span class='ocrx_word' id='word_1_434' title='bbox 943 3033 1042 3080; x_wconf 85' lang='lat'><em>1—6,</em></span> <span class='ocrx_word' id='word_1_435' title='bbox 1065 3045 1102 3074; x_wconf 90' lang='lat' dir='ltr'>a.</span> <span class='ocrx_word' id='word_1_436' title='bbox 1128 3031 1208 3072; x_wconf 83' lang='lat'>104</span> <span class='ocrx_word' id='word_1_437' title='bbox 1230 3029 1299 3072; x_wconf 87' lang='lat' dir='ltr'>vel</span> <span class='ocrx_word' id='word_1_438' title='bbox 1323 3031 1402 3072; x_wconf 87' lang='lat'>105</span> <span class='ocrx_word' id='word_1_439' title='bbox 1435 3034 1461 3072; x_wconf 90' lang='lat' dir='ltr'><em>t.</em></span> <span class='ocrx_word' id='word_1_440' title='bbox 1483 3033 1521 3084; x_wconf 75' lang='lat'>3,</span> <span class='ocrx_word' id='word_1_441' title='bbox 1553 3046 1591 3072; x_wconf 86' lang='lat' dir='ltr'>a.</span> <span class='ocrx_word' id='word_1_442' title='bbox 1625 3032 1704 3073; x_wconf 88' lang='lat'>105</span> <span class='ocrx_word' id='word_1_443' title='bbox 1733 3034 1761 3072; x_wconf 85' lang='lat' dir='ltr'><em>t.</em></span> <span class='ocrx_word' id='word_1_444' title='bbox 1793 3033 1830 3073; x_wconf 88' lang='lat'><em>6.</em></span> <span class='ocrx_word' id='word_1_445' title='bbox 1889 3029 2052 3073; x_wconf 81' lang='lat' dir='ltr'>Consul</span> 
     </span>
     <span class='ocr_line' id='line_1_43' title="bbox 335 3096 2053 3149; baseline 0.001 -11"><span class='ocrx_word' id='word_1_446' title='bbox 335 3097 431 3138; x_wconf 88' lang='lat' dir='ltr'>suff.</span> <span class='ocrx_word' id='word_1_447' title='bbox 472 3110 569 3138; x_wconf 87' lang='lat' dir='ltr'>cum</span> <span class='ocrx_word' id='word_1_448' title='bbox 611 3096 663 3149; x_wconf 76' lang='lat' dir='ltr'>Q.</span> <span class='ocrx_word' id='word_1_449' title='bbox 705 3097 873 3139; x_wconf 90' lang='lat' dir='ltr'>Licinio</span> <span class='ocrx_word' id='word_1_450' title='bbox 915 3097 1090 3140; x_wconf 84' lang='lat' dir='ltr'>Silvano</span> <span class='ocrx_word' id='word_1_451' title='bbox 1127 3099 1346 3142; x_wconf 80' lang='lat' dir='ltr'>Graniano</span> <span class='ocrx_word' id='word_1_452' title='bbox 1386 3098 1435 3140; x_wconf 93' lang='lat' dir='ltr'><strong><em>X</em></strong></span> <span class='ocrx_word' id='word_1_453' title='bbox 1464 3101 1585 3149; x_wconf 86' lang='grc'><strong><em>5670,</em></strong></span> <span class='ocrx_word' id='word_1_454' title='bbox 1624 3113 1770 3141; x_wconf 90' lang='lat' dir='ltr'>mense</span> <span class='ocrx_word' id='word_1_455' title='bbox 1808 3099 1933 3141; x_wconf 91' lang='lat' dir='ltr'>Iunio</span> <span class='ocrx_word' id='word_1_456' title='bbox 1978 3103 2053 3140; x_wconf 85' lang='lat' dir='ltr'>aut</span> 
     </span>
     <span class='ocr_line' id='line_1_44' title="bbox 334 3164 2052 3220; baseline 0.002 -15"><span class='ocrx_word' id='word_1_457' title='bbox 334 3164 452 3206; x_wconf 72' lang='lat' dir='ltr'>Iulio-</span> <span class='ocrx_word' id='word_1_458' title='bbox 476 3165 556 3206; x_wconf 85' lang='lat'>106</span> <span class='ocrx_word' id='word_1_459' title='bbox 582 3165 689 3218; x_wconf 80' lang='lat' dir='ltr'>fasti</span> <span class='ocrx_word' id='word_1_460' title='bbox 708 3165 786 3218; x_wconf 78' lang='lat' dir='ltr'>fer.</span> <span class='ocrx_word' id='word_1_461' title='bbox 808 3165 906 3207; x_wconf 88' lang='lat' dir='ltr'>Lat.</span> <span class='ocrx_word' id='word_1_462' title='bbox 930 3166 1025 3220; x_wconf 92' lang='lat' dir='ltr'>(VI</span> <span class='ocrx_word' id='word_1_463' title='bbox 1036 3170 1150 3209; x_wconf 83' lang='grc'>2016</span> <span class='ocrx_word' id='word_1_464' title='bbox 1171 3187 1223 3201; x_wconf 83' lang='lat'><strong><em>=</em></strong></span> <span class='ocrx_word' id='word_1_465' title='bbox 1245 3167 1278 3209; x_wconf 95' lang='lat' dir='ltr'><em>I</em></span> <span class='ocrx_word' id='word_1_466' title='bbox 1283 3166 1299 3190; x_wconf 78' lang='lat'><strong>2</strong></span> <span class='ocrx_word' id='word_1_467' title='bbox 1322 3181 1370 3220; x_wconf 70' lang='lat' dir='ltr'><em>p.</em></span> <span class='ocrx_word' id='word_1_468' title='bbox 1391 3169 1473 3219; x_wconf 85' lang='lat'><em>59).</em></span> <span class='ocrx_word' id='word_1_469' title='bbox 1525 3167 1711 3209; x_wconf 84' lang='lat' dir='ltr'>Curator</span> <span class='ocrx_word' id='word_1_470' title='bbox 1740 3166 1851 3209; x_wconf 85' lang='lat' dir='ltr'>alvei</span> <span class='ocrx_word' id='word_1_471' title='bbox 1882 3167 2052 3209; x_wconf 87' lang='lat' dir='ltr'>Tiberis</span> 
     </span>
     <span class='ocr_line' id='line_1_45' title="bbox 335 3233 2051 3291; baseline 0.002 -18"><span class='ocrx_word' id='word_1_472' title='bbox 335 3238 376 3273; x_wconf 90' lang='lat' dir='ltr'>et</span> <span class='ocrx_word' id='word_1_473' title='bbox 405 3233 597 3288; x_wconf 88' lang='lat' dir='ltr'>riparum</span> <span class='ocrx_word' id='word_1_474' title='bbox 630 3235 656 3275; x_wconf 88' lang='lat' dir='ltr'><em>t.</em></span> <span class='ocrx_word' id='word_1_475' title='bbox 689 3236 727 3275; x_wconf 86' lang='lat'>1.</span> <span class='ocrx_word' id='word_1_476' title='bbox 758 3236 800 3276; x_wconf 90' lang='grc'>2.</span> <span class='ocrx_word' id='word_1_477' title='bbox 860 3234 1050 3288; x_wconf 87' lang='lat' dir='ltr'>Legatus</span> <span class='ocrx_word' id='word_1_478' title='bbox 1090 3236 1394 3290; x_wconf 87' lang='lat' dir='ltr'>imperatorum</span> <span class='ocrx_word' id='word_1_479' title='bbox 1427 3235 1602 3276; x_wconf 87' lang='lat' dir='ltr'>Traiani</span> <span class='ocrx_word' id='word_1_480' title='bbox 1643 3241 1687 3277; x_wconf 90' lang='lat' dir='ltr'>et</span> <span class='ocrx_word' id='word_1_481' title='bbox 1715 3234 1926 3277; x_wconf 87' lang='lat' dir='ltr'>Hadriani</span> <span class='ocrx_word' id='word_1_482' title='bbox 1954 3249 2051 3291; x_wconf 88' lang='lat' dir='ltr'>pro-</span> 
     </span>
    </p>
   </div>
   <div class='ocr_carea' id='block_1_9' title="bbox 334 3301 2132 3358">
    <p class='ocr_par' dir='ltr' id='par_1_14' title="bbox 334 3301 2132 3358">
     <span class='ocr_line' id='line_1_46' title="bbox 334 3301 2132 3358; baseline 0.002 -17"><span class='ocrx_word' id='word_1_483' title='bbox 334 3301 504 3342; x_wconf 86' lang='lat' dir='ltr'>vinciae</span> <span class='ocrx_word' id='word_1_484' title='bbox 543 3301 792 3343; x_wconf 88' lang='lat' dir='ltr'>Pannoniae</span> <span class='ocrx_word' id='word_1_485' title='bbox 835 3308 910 3343; x_wconf 86' lang='lat' dir='ltr'>aut</span> <span class='ocrx_word' id='word_1_486' title='bbox 949 3303 1181 3358; x_wconf 88' lang='lat' dir='ltr'>superioris</span> <span class='ocrx_word' id='word_1_487' title='bbox 1221 3309 1296 3345; x_wconf 88' lang='lat' dir='ltr'>aut</span> <span class='ocrx_word' id='word_1_488' title='bbox 1336 3303 1552 3344; x_wconf 86' lang='lat' dir='ltr'>inferioris</span> <span class='ocrx_word' id='word_1_489' title='bbox 1592 3306 1619 3345; x_wconf 92' lang='lat' dir='ltr'><em>t.</em></span> <span class='ocrx_word' id='word_1_490' title='bbox 1650 3306 1688 3347; x_wconf 91' lang='lat'>1.</span> <span class='ocrx_word' id='word_1_491' title='bbox 1748 3304 1801 3345; x_wconf 84' lang='lat' dir='ltr'>Ei</span> <span class='ocrx_word' id='word_1_492' title='bbox 1833 3303 2054 3358; x_wconf 89' lang='lat' dir='ltr'>rescripsit</span> <span class='ocrx_word' id='word_1_493' title='bbox 2129 3316 2132 3318; x_wconf 69' lang='grc'><strong><em>’</em></strong></span> 
     </span>
    </p>
   </div>
   <div class='ocr_carea' id='block_1_10' title="bbox 331 3368 2048 3424">
    <p class='ocr_par' dir='ltr' id='par_1_15' title="bbox 331 3368 2048 3424">
     <span class='ocr_line' id='line_1_47' title="bbox 331 3368 2048 3424; baseline 0.002 -15"><span class='ocrx_word' id='word_1_494' title='bbox 331 3368 781 3424; x_wconf 85' lang='lat' dir='ltr'>quaedam-Traianus</span> <span class='ocrx_word' id='word_1_495' title='bbox 811 3369 865 3410; x_wconf 92' lang='lat' dir='ltr'>de</span> <span class='ocrx_word' id='word_1_496' title='bbox 896 3369 1099 3412; x_wconf 87' lang='lat' dir='ltr'>feriarum</span> <span class='ocrx_word' id='word_1_497' title='bbox 1136 3372 1179 3412; x_wconf 92' lang='lat' dir='ltr'>in</span> <span class='ocrx_word' id='word_1_498' title='bbox 1215 3386 1262 3412; x_wconf 92' lang='lat' dir='ltr'>re</span> <span class='ocrx_word' id='word_1_499' title='bbox 1291 3370 1464 3413; x_wconf 91' lang='lat' dir='ltr'>militari</span> <span class='ocrx_word' id='word_1_500' title='bbox 1496 3372 1795 3414; x_wconf 88' lang='lat' dir='ltr'>observatione</span> <span class='ocrx_word' id='word_1_501' title='bbox 1834 3371 2048 3424; x_wconf 75' lang='lat' dir='ltr'>Ulpianus</span> 
     </span>
    </p>
   </div>
  </div>
 </body>
</html>
