2202 3724
286 319 450 356 IVLIVS
1148 307 1229 351 166
1913 312 2078 350 IVLIVS

280 491 283 494 ,
369 449 542 494 Erucio
556 447 689 490 Claro
724 445 873 487 statuit
904 444 1104 486 Noris‘ius
1133 446 1365 498 propterea
1402 442 1513 497 quod
1541 441 1726 497 Prosper
1763 442 1872 485 inter
1909 444 2082 486 nomina

357 500 584 557 >consulum
616 513 928 556 ordinariorum
949 527 987 556 a.
1004 515 1087 554 117
1104 514 1143 554 et
1163 526 1202 555 a.
1219 513 1300 553 118
1318 511 1570 565 interponit:
1599 510 1728 553 Claro
1754 517 1796 553 et
1815 510 2079 567 Alexandro,

369 584 422 637 cf.
448 596 580 637 supra
607 582 682 624 sub
706 581 803 624 Sex.
824 581 986 623 Erucio
1014 579 1159 630 Claro,
1191 582 1230 621 et
1249 582 1478 634 praeterea
1500 579 1734 622 Mommsen
1763 578 1904 625 chron.
1925 580 2025 624 min.
2046 580 2080 622 I

370 665 417 704 p.
438 650 550 704 255).
609 650 762 691 Frater
791 648 964 691 Arvalis
993 663 1031 690 a.
1063 648 1159 690 118.
1194 648 1287 690 119.
1323 648 1403 690 145
1435 650 1514 690 aet.
1545 646 1649 689 Arv.
1682 646 1915 703 (712078.
1945 650 2082 700 2079;

368 718 456 772 eph.
478 732 538 771 ep.
554 720 582 759 8
592 731 641 771 p.
657 719 766 772 333),
790 706 1074 772 promesgister
1094 714 1260 771 collegii
1282 730 1320 757 a.
1344 715 1436 770 119,
1467 716 1570 757 item
1595 715 1776 757 fortasse
1801 730 1879 772 pro
1908 714 2081 758 flamine

367 789 446 827 act.
467 785 572 827 Arv.
604 783 699 837 (VI
710 787 824 828 2079
848 798 884 826 v.
905 787 933 826 8
963 784 1015 837 cf.
1037 783 1210 826 Heneen
1240 786 1320 826 act.
1341 782 1446 826 Arv.
1470 798 1518 837 p.
1543 782 1619 825 GL
1629 782 1697 825 VI
1715 786 1800 825 not.
1824 786 1879 840 7).

284 864 338 906 96
368 864 504 907 Iulius
545 863 752 920 Alpinus,
795 878 817 905 e
846 863 1113 920 principibus
1141 862 1464 918 Helvetiorum,
1502 856 1566 905 ut¹
1589 863 1783 905 concitor
1816 861 1919 905 belli
1959 864 2079 907 iussu

367 932 578 975 Caecinae
607 938 784 974 necatus
814 947 852 974 a.
874 931 929 974 69
964 932 1062 974 Tac.
1088 931 1128 975 h.
1150 934 1188 982 1,
1210 934 1276 974 69.

281 1012 334 1054 97
366 1011 501 1054 Iulius
529 1010 703 1054 Altinus
733 1011 895 1053 mixtus
926 1011 1212 1053 coniurationi
1243 1010 1501 1052 Pisonianae
1530 1010 1575 1051 in
1605 1009 1783 1052 exilium
1815 1016 1937 1053 actus
1967 1026 2005 1054 a.
2026 1012 2082 1055 65

372 1080 470 1122 Tac.
493 1093 532 1121 a.
555 1082 618 1130 15,
643 1082 708 1121 71.

279 1160 333 1201 98
366 1165 406 1201 G.
438 1164 602 1201 IVLIVS
628 1164 809 1200 ANTIVS
837 1157 962 1213 (Iulii
990 1161 1029 1200 et
1056 1157 1184 1200 Antii
1207 1157 1381 1200 nomina
1410 1157 1633 1200 coniuncta
1660 1158 1928 1212 reperiuntur
1957 1159 2083 1201 etiam

362 1227 408 1269 in
434 1226 480 1271 Ο.
511 1226 645 1268 Antio
674 1226 730 1268 A.
762 1226 877 1268 Iulio
904 1225 1140 1280 Quadrato)
1172 1225 1321 1268 consul
1351 1225 1446 1268 suff.
1477 1240 1514 1267 a.
1549 1226 1629 1268 149
1659 1240 1758 1268 cum
1788 1225 1842 1279 Q.
1874 1226 2082 1269 Passieno

363 1295 515 1337 Licino
547 1294 648 1349 dipl.
678 1294 766 1336 mil.
795 1308 929 1348 nuper
957 1308 1043 1348 rep.
1076 1291 1182 1346 (III
1205 1294 1251 1337 S.
1274 1308 1323 1348 p.
1344 1292 1482 1348 1986).

278 1375 333 1417 99
365 1381 406 1416 C.
429 1380 593 1416 IVLIVS
614 1379 897 1415 ANTIOCHVS
927 1379 1208 1415 EPIPHANES
1238 1379 1586 1416 PHILOPAPPVS.
1625 1372 1852 1424 Mausolei,
1875 1374 1986 1427 quod
2001 1374 2088 1417 Sibi

364 1443 549 1484 extruxit
577 1441 756 1484 Athenis
785 1440 857 1495 (cf.
888 1442 1024 1497 infra)
1056 1441 1172 1483 tituli
1201 1444 1301 1492 tres,
1332 1441 1421 1484 III
1441 1443 1527 1484 552
1554 1461 1609 1475 =
1642 1439 1760 1483 CIA.
1791 1442 1825 1484 I
1826 1442 1880 1484 ῙΙ
1901 1443 2085 1485 557a·⁶-d

366 1510 420 1566 (1.
451 1513 494 1553 2.
525 1512 582 1566 3),
612 1524 713 1552 nam
744 1509 824 1551 duo
865 1509 1019 1563 reliqui
1052 1513 1243 1564 spectant
1281 1509 1339 1551 ad
1365 1510 1547 1551 maiores
1576 1509 1675 1552 eius.
1735 1508 1968 1552 Praeterea
1995 1511 2084 1565 ipse

362 1578 509 1632 posuit
546 1578 787 1632 Isycosurae
825 1577 872 1619 in
909 1576 1106 1619 Arcadia
1145 1577 1312 1619 titulum
1351 1577 1507 1619 editum
1545 1575 1748 1634 Ἀρχαιολ.
1780 1577 1940 1621 Δελτίον
1974 1581 2085 1622 1890

365 1660 412 1699 p.
433 1648 487 1688 45
517 1643 601 1699 (4),·
638 1646 723 1700 ipsi
752 1645 920 1699 positus
955 1649 1015 1688 est
1051 1644 1324 1688 Atheniensis
1360 1644 1478 1688 GIA.
1510 1645 1600 1687 III
1622 1647 1674 1686 78
1703 1645 1789 1702 (5),·
1827 1650 2084 1689 memoratur

362 1713 479 1755 CIA.
497 1714 587 1756 III
598 1716 712 1756 238Ἰι
730 1716 872 1768 p.494
895 1712 966 1769 (6),
988 1714 1169 1767 fortasse
1191 1713 1319 1756 etiam
1336 1712 1454 1756 OIA.
1466 1716 1578 1756 1020
1599 1712 1677 1768 (7),
1703 1713 1876 1767 denique
1895 1714 1943 1757 in
1962 1715 2083 1758 titulo

341 1780 624 1838 ⁴Aeyyptiaco
651 1780 720 1824 01
721 1781 774 1824 G.
796 1784 924 1824 48156
952 1784 991 1824 et
1019 1781 1166 1824 melius
1197 1796 1266 1836 ap.
1298 1781 1491 1825 Wescher
1521 1784 1700 1835 comptos
1728 1782 1882 1824 rendus
1907 1782 1957 1826 de
1987 1783 2081 1827 l'ac.

267 1849 276 1881 ἓ
366 1849 438 1891 des
464 1850 592 1894 inser.
621 1863 664 1892 n.
695 1863 728 1892 s.
751 1852 779 1891 7
798 1864 845 1904 p.
867 1852 953 1893 290
979 1847 1051 1902 (8).

283 1982 285 1984 v
449 1928 707 1976 Φιλόπαππος
746 1931 774 1970 t.
804 1931 853 1979 3,
894 1929 1152 1976 Φιλόπαππος
1182 1931 1202 1972 ὂ
1235 1930 1416 1986 βασιλεὺς
1446 1932 1474 1971 t.
1505 1931 1544 1979 8,
1586 1928 1847 1971 Plutarchus
1883 1944 1920 1983 q.
1947 1942 2082 1985 symp.

365 2000 403 2047 1,
424 1999 490 2047 10,
511 2000 548 2047 1,
583 1997 763 2054 βασιλεὺς
791 1995 992 2053 Ἀντίοχος
1022 1997 1284 2044 Φιλόπαππος
1306 2000 1334 2039 t.
1356 2000 1410 2048 2;
1440 1996 1488 2039 O.
1510 1996 1646 2039 Iulius
1674 1996 1919 2040 Antiochus
1941 1997 2085 2041 Philo-

367 2079 534 2121 pappus
557 2068 584 2107 t.
607 2068 646 2115 1,
667 2097 676 2107 .
697 2097 705 2107 .
730 2064 918 2119 Ἰοόλιο[ς]
949 2096 1071 2108 .....
1084 2082 1103 2112 ς
1123 2065 1410 2120 Φιλόπαππ[ος]
1439 2068 1467 2107 t.
1490 2068 1527 2115 6,
1560 2065 1676 2112 Γάιος
1701 2064 1860 2113 Ἰούλιος
1881 2065 2085 2125 Ἀντίοχος

260 2163 301 2190 ,χ
369 2132 587 2190 Ἐπιφανὴς
616 2133 873 2180 Φιλόπαππος
903 2136 930 2175 t.
960 2135 998 2184 5,
1038 2134 1221 2192 βασιλεὺς
1261 2133 1420 2180 Ἰούλιος
1461 2132 1678 2191 Ἐπιφανὴς
1713 2134 1970 2182 Φιλόπαππος
2001 2138 2029 2178 t.
2058 2139 2086 2178 4

366 2198 461 2256 (hos
491 2201 635 2243 titulos
653 2205 832 2255 propter
850 2201 1095 2256 Epiphanis
1122 2215 1285 2253 nomen,
1317 2201 1427 2256 quod
1446 2202 1563 2243 abest
1593 2216 1620 2243 a
1651 2205 1678 2244 t.
1700 2205 1738 2252 1,
1770 2202 1900 2251 nolim
1920 2203 2086 2246 credere

276 2304 279 2306 ,
366 2268 520 2311 diversi
555 2269 736 2311 hominis
776 2282 882 2320 esse‚·
920 2269 1084 2312 videtur
1112 2269 1359 2325 Epiphanis
1393 2283 1554 2320 nomen,
1595 2269 1707 2324 quod
1732 2271 1960 2325 proprium
1998 2272 2086 2325 fuit

361 2337 486 2391 patri
524 2336 808 2391 Philopappi‚
849 2337 1058 2380 interdum
1096 2338 1224 2380 etiam
1252 2338 1339 2392 ipsi
1366 2338 1572 2380 tributum
1601 2351 1707 2389 esse,
1747 2351 1832 2381 non
1871 2341 2011 2382 tamen
2038 2340 2086 2382 in

365 2404 500 2446 titulis
537 2406 793 2447 monumenti
830 2406 1098 2460 sepulcralis,
1139 2406 1216 2448 ubi
1245 2406 1397 2449 diserte
1435 2406 1573 2461 fllium
1610 2407 1722 2460 reyis
1759 2406 2004 2461 quiphanis
2041 2421 2085 2450 se

364 2473 563 2530 scripsit).
610 2473 851 2529 Epiphanis
874 2473 988 2516 filius
1019 2477 1048 2516 t.
1069 2477 1109 2525 3,
1141 2475 1256 2529 regis
1274 2474 1514 2530 Epiphanis
1533 2474 1646 2516 filius
1675 2477 1702 2516 t.
1723 2477 1766 2524 2,
1791 2474 1952 2517 scilicet
1969 2474 2085 2530 filius
2145 2477 2157 2484 “

365 2540 620 2595 Epiphanis,
652 2555 779 2596 nepos
798 2541 1013 2593 Antiochi,
1045 2542 1118 2596 qui
1138 2557 1177 2585 a.
1191 2557 1240 2597 p.
1260 2542 1364 2585 Chr.
1385 2545 1443 2586 72
1461 2556 1587 2596 reyno
1606 2541 1902 2597 Commagenes
1919 2543 2089 2598 privati

319 2627 323 2629 ·
364 2611 462 2650 sunt
491 2607 562 2662 (cf.
593 2622 725 2664 supra
753 2623 795 2653 n.
823 2612 907 2666 57).
966 2609 1098 2664 Reyis
1125 2610 1325 2652 vocabulo
1355 2611 1440 2664 ipsi
1474 2611 1541 2652 uti
1578 2610 1698 2652 licuit
1736 2610 1790 2664 cf.
1821 2609 1941 2655 Plut.
1974 2610 2001 2654 l.
2033 2624 2082 2661 c.,

367 2679 395 2718 t.
426 2679 468 2720 2.
500 2680 540 2719 4.
571 2679 609 2720 8.
671 2677 720 2720 C.
751 2677 804 2732 f.,
846 2677 962 2720 tribu
993 2678 1098 2721 Fab.
1131 2681 1159 2720 t.
1190 2681 1229 2722 1.
1291 2677 1485 2720 Allectus
1524 2678 1580 2720 ab
1618 2679 1716 2735 imp.
1746 2678 1934 2722 Traiano
1973 2678 2087 2721 inter

367 2745 604 2800 praetorios
634 2746 690 2789 ib.
749 2745 910 2787 Consul
942 2745 1055 2799 (suff.
1087 2761 1124 2790 a.
1156 2746 1259 2800 inc.)
1288 2746 1346 2789 ib.
1404 2747 1559 2788 Frater
1584 2745 1758 2789 Arvalis
1790 2746 1848 2789 ib.
1878 2770 1938 2777 —
1965 2747 2087 2789 Inter

368 2812 653 2854 Athenienses
684 2827 794 2869 pago
825 2813 1023 2871 Βησαιεός
1053 2817 1082 2856 t.
1102 2817 1142 2856 3.
1163 2816 1202 2857 5.
1263 2813 1439 2856 Archon
1469 2813 1652 2856 Athenis
1682 2817 1710 2859 t.
1739 2816 1778 2865 5,
1807 2815 1921 2857 inter
1950 2828 2085 2856 annos

368 2880 458 2921 fere
483 2881 680 2923 90—100
711 2882 765 2935 cf.
795 2881 1094 2936 Dittenberyer
1124 2881 1183 2924 ad
1211 2885 1238 2924 t.
1269 2884 1296 2924 5
1325 2882 1441 2938 (item
1471 2882 1517 2924 in
1546 2885 1575 2924 t.
1609 2885 1637 2924 7
1662 2882 1826 2925 videtur
1859 2882 2087 2925 memorari
2165 2897 2169 2901 ·

367 2947 436 2989 hic
466 2948 761 3003 Philopappus
789 2952 836 2991 ut
866 2949 1054 2994 archon).
1114 2949 1388 3005 Agonotheta
1416 2950 1598 2992 Athenis
1629 2953 1657 2992 t.
1685 2953 1713 2993 5
1721 2963 1736 3003 ;
1774 2950 1894 2993 Plut.
1925 2952 2084 3004 quaest.

367 3029 496 3075 symp.
522 3019 560 3066 1,
592 3020 658 3066 10,
691 3020 755 3058 1..
795 3017 942 3059 Verba
980 3016 1143 3060 faciens
1175 3017 1393 3060 inducitur
1430 3032 1457 3060 a
1493 3017 1732 3060 Plutarcho
1773 3018 1799 3063 l.
1840 3031 1874 3060 c.
1933 3016 2086 3071 Monu-

367 3090 558 3125 mentum
590 3074 632 3125 ei>
660 3091 904 3126 extructum
934 3084 1116 3127 Athenis
1146 3086 1191 3127 in
1222 3084 1330 3127 colle
1359 3085 1583 3128 Musarum
1613 3089 1641 3128 t.
1671 3089 1770 3137 1-3,
1811 3086 1924 3129 inter
1951 3100 2086 3129 annos

371 3152 594 3193 114—116
625 3155 652 3195 t.
683 3155 709 3194 1
740 3151 848 3204 (cum
884 3153 1102 3195 Traianus
1130 3153 1195 3195 ibi
1222 3153 1455 3207 appelletur
1484 3153 1696 3207 Optimus,
1736 3167 1822 3210 non
1850 3153 2087 3208 appelletur

371 3219 628 3274 Parthicus),
669 3220 757 3262 sine
797 3220 922 3262 dubio
961 3221 1078 3263 iussu
1116 3222 1273 3275 ipsius,·
1313 3219 1532 3273 (memorat
1559 3221 1607 3264 id
1633 3225 1941 3264 monumentum
1969 3221 2085 3264 Pau-

368 3287 514 3328 sanias
545 3290 589 3338 1,
621 3290 694 3337 25,
727 3290 753 3329 6
790 3288 956 3347 nomine
1001 3290 1088 3331 eius
1125 3302 1210 3331 non
1239 3288 1413 3343 posito).
1476 3289 1656 3332 Athenis
1695 3289 1953 3332 domicilium
1991 3303 2084 3332 eum

367 3354 563 3396 habuisse
592 3369 641 3397 eoe
669 3355 735 3397 his
764 3359 955 3411 apparet.
979 3382 1033 3395 -.
1058 3357 1144 3399 Hic
1173 3357 1353 3415 fortasse
1371 3357 1681 3415 Philopappus,
1710 3359 1780 3400 cui
1804 3357 1956 3412 Capito
1984 3357 2058 3412 qui
2065 3380 2086 3388 -
