2202 3724
279 308 489 345 MESSIVS
1137 299 1221 342 368
1867 306 2078 343 MESSIVS

1054 370 1088 377 —r-

292 465 350 470 —
395 446 435 481 G.
467 443 663 480 VALENS
694 441 1027 477 HOSTILIANVS
1058 441 1269 477 MESSIVS
1302 441 1514 485 QVINTVS
1547 441 1756 479 CAESAR.

280 509 363 550 373
393 514 494 548 IMP.
535 511 671 548 CAES.
714 511 754 548 C.
796 509 1006 545 MESSIVS
1050 509 1263 553 QVINTVS
1309 509 1559 545 TRAIANVS
1603 509 1785 546 DEGIVS
1824 510 1937 547 AVG.
2008 505 2083 549 Sic

362 575 534 617 nomina
565 573 757 627 leyuntur
785 572 832 612 in
863 571 999 613 titulis
1018 571 1236 625 plerisque
1266 571 1356 626 (nee
1395 585 1480 613 non
1514 572 1561 613 in
1582 572 1765 626 papyris
1794 571 2081 626 Aeyyptiaois,

365 648 453 696 arey.
480 642 577 684 Urk.
602 654 679 682 aus
702 640 740 682 d.
766 641 803 682 k.
828 639 944 682 Mus.
966 653 1018 682 eu
1038 639 1192 682 Berlin
1215 653 1257 682 n.
1279 642 1378 690 287,
1409 638 1535 693 Corp.
1548 653 1654 693 pap.
1677 639 1861 682 Raineri
1880 641 1914 682 I
1926 655 1975 695 p.
1995 642 2081 695 47),

363 711 408 752 in
451 709 667 751 titulorum
708 710 861 763 optimo
892 721 1058 761 quoque
1096 706 1201 759 (III
1227 710 1348 751 1176.
1388 710 1513 751 3723.
1557 710 1678 749 3746.
1723 711 1846 750 4010.
1893 708 1935 751 V
1959 711 2082 752 2068.

365 778 433 820 VI
455 782 574 820 1101.
613 777 729 819 Ball.
769 791 868 818 eom.
905 778 1017 818 1886
1049 791 1095 830 p.
1127 779 1211 817 370
1252 778 1356 832 eet),
1389 776 1488 818 item
1526 776 1574 817 in
1614 775 1715 830 dipl.
1749 776 1836 819 mil.
1869 777 1975 819 anni
2001 780 2085 820 249

364 847 471 899 (III
503 861 551 900 p.
592 845 712 900 868),
766 845 958 898 Quintus
999 845 1313 899 perscribitur,·
1363 843 1412 886 O.
1459 847 1497 886 et
1541 843 1594 896 Q.
1641 844 1774 886 loeum
1821 848 2087 887 mutaverunt

364 915 426 956 II
436 917 557 965 4958,
591 913 637 958 C.
669 928 746 955 om.
779 913 925 955 titulus
955 913 1041 968 filii
1069 913 1137 955 VI
1160 916 1291 964 1101,·
1322 912 1486 954 brevius
1513 912 1726 954 Traianus
1756 913 1918 955 Decius
1949 916 1977 955 t.
2003 913 2087 968 filii

363 983 424 1025 ΙΙ
435 985 556 1025 4058.
596 1007 654 1011 -
692 982 801 1037 Imp.
833 981 882 1024 O.
912 981 972 1023 M.
1006 981 1058 1034 Q.
1091 982 1304 1023 Traianus
1334 981 1498 1022 Decius
1528 979 1642 1034 Aug.
1672 981 1833 1022 nummi
1870 981 2086 1023 commatis

362 1051 551 1092 Romani
570 1050 764 1104 plerique
795 1049 973 1104 (Eckhel
994 1052 1021 1091 7
1042 1064 1088 1103 p.
1111 1053 1211 1100 342,
1250 1048 1418 1091 Oohen²
1448 1051 1475 1091 5
1495 1063 1544 1102 p.
1566 1051 1647 1091 185
1666 1051 1777 1102 seq),
1809 1062 1920 1102 pars
1948 1049 2086 1091 minus

363 1119 488 1173 plene
508 1119 608 1175 imp.
630 1118 732 1161 Cae.
754 1119 854 1160 Tra.
877 1118 984 1159 Dec.
1006 1117 1119 1172 Aug.
1141 1117 1205 1159 vel
1225 1118 1325 1173 imp.
1348 1117 1562 1159 Traianus
1583 1116 1690 1158 Dec.
1712 1116 1839 1171 Aug„
1871 1117 1918 1159 in
1929 1117 2086 1171 paucis

361 1188 507 1240 Quinti
527 1190 566 1229 et
592 1187 775 1229 Traiani
797 1186 1002 1228 voeabula
1033 1186 1166 1228 locum
1195 1188 1471 1235 mutaverunt,
1503 1185 1582 1227 sie:
1611 1186 1713 1240 imp.
1734 1183 1857 1227 Caes,
1880 1184 1928 1227 C.
1955 1185 2084 1227 Mess.

364 1255 481 1297 Trai.
514 1255 566 1308 Q.
598 1255 762 1297 Decius
794 1254 908 1309 Aug.
936 1252 1128 1306 (Coheffl
1159 1268 1200 1298 n.
1222 1258 1292 1297 21.
1323 1257 1390 1297 59.
1422 1256 1486 1296 65.
1518 1256 1611 1295 119.
1641 1256 1734 1296 131.
1766 1252 1880 1307 132),
1910 1253 1958 1295 in
1987 1252 2087 1295 aliis

364 1323 492 1366 Decii
520 1327 558 1366 et
593 1324 777 1366 Traiani
803 1323 1010 1365 voeabula
1038 1324 1207 1365 inversa
1237 1323 1337 1378 imp.
1365 1322 1488 1365 Caes.
1513 1321 1561 1364 O.
1582 1322 1710 1365 Mess,
1733 1321 1785 1374 Q.
1809 1322 1946 1363 Decio
1967 1322 2084 1365 Trai.

364 1391 476 1446 Aug.
510 1391 702 1443 (Coheffl
732 1405 773 1434 n.
795 1394 960 1434 22—24.
992 1394 1058 1432 37.
1083 1393 1150 1433 38.
1169 1394 1239 1434 52.
1261 1393 1326 1433 67.
1349 1393 1414 1432 68.
1442 1393 1505 1432 76.
1538 1393 1604 1432 94.
1636 1392 1702 1432 95.
1733 1392 1830 1432 120.
1860 1392 1956 1433 127.
1985 1392 2084 1433 128.

365 1460 489 1514 130),·
527 1473 601 1502 nee
640 1460 816 1501 multum
859 1458 1063 1510 differunt
1100 1459 1261 1500 nummi
1295 1458 1555 1500 coloniarum
1585 1456 1778 1509 (Ooheffl
1807 1472 1848 1500 n.
1869 1460 1953 1500 133
1970 1456 2085 1511 seq),

363 1528 600 1581 nummique
628 1527 797 1570 Graeci.
828 1552 884 1556 ——
913 1527 1076 1569 Decius
1107 1528 1333 1581 scriptores
1363 1526 1597 1580 (Traianus
1627 1525 1761 1568 solum
1789 1526 1897 1579 fasti
1929 1525 2088 1569 Graeci

366 1596 521 1638 eodieis
550 1597 836 1639 Laurentiani
866 1595 992 1637 alteri
1019 1596 1095 1637 sub
1129 1609 1239 1637 anno
1268 1595 1384 1648 250).

449 1665 588 1706 Natus
619 1679 655 1708 a.
679 1664 795 1706 200?
837 1664 1042 1719 (mortuus
1070 1663 1230 1705 scilieet
1270 1676 1310 1704 a.
1341 1665 1439 1712 251,
1483 1676 1575 1704 eum
1603 1663 1774 1705 vinxisset
1804 1675 1936 1705 annos
1966 1662 2086 1716 quin-

366 1733 590 1786 quaqinta,
634 1732 776 1774 Vietor
806 1746 867 1786 ep.
897 1731 986 1785 29).
1057 1731 1359 1774 Sirmiensium
1389 1731 1486 1772 vico
1519 1737 1637 1772 ortus
1669 1730 1774 1773 Viet.
1810 1730 1929 1773 Caes.
1959 1733 2030 1781 29,
2063 1744 2086 1771 e

366 1801 589 1842 Pannonia
613 1800 814 1842 inferiore
836 1799 1046 1842 Budaliae
1067 1805 1193 1841 natus
1214 1799 1396 1853 Eutrop.
1412 1802 1450 1849 9,
1473 1802 1500 1841 4
1520 1799 1650 1853 (Viet.
1674 1813 1735 1853 ep.
1752 1798 1841 1853 29).
1888 1798 2087 1840 ‘Militiae

363 1868 501 1923 gradu
532 1868 587 1910 ad
618 1870 846 1924 imperium
878 1869 1215 1924 conspiraverat‘
1245 1867 1348 1911 Viet.
1370 1867 1488 1910 Caes.
1541 1866 1681 1910 Claris
1708 1866 1937 1921 natalibus,
1971 1867 2087 1908 omni

365 1938 524 1979 virtute
545 1938 800 1993 conspicuus
823 1937 1016 1979 Zosimus
1036 1940 1074 1986 1,
1096 1939 1166 1979 21.
1213 1936 1396 1979 Senator
1416 1936 1623 1978 Iordanes
1649 1936 1741 1979 Get.
1767 1939 1834 1987 16,
1855 1939 1922 1978 90.
1963 1935 2089 1978 Fieri

363 2008 502 2060 potest
540 2009 588 2047 ut
626 2005 693 2047 hie
731 2006 787 2047 sit
817 2005 1004 2058 Quintus
1041 2005 1204 2046 Decius
1243 2004 1410 2058 legatus
1450 2005 1641 2046 Moesiae
1681 2004 1896 2053 inferioris
1933 2019 1970 2048 a.
2002 2004 2087 2047 234

365 2073 453 2116 ΙΙΙ
477 2073 523 2116 S.
546 2076 695 2118 12519.
739 2073 954 2116 Incertum
984 2086 1085 2114 num
1105 2073 1172 2114 hie
1194 2072 1246 2125 Q.
1269 2072 1432 2114 Decius
1453 2072 1713 2115 Valerianus
1741 2072 1908 2127 legatus
1929 2073 2084 2128 Hispa-

366 2143 463 2183 niae
494 2141 829 2183 Tarraconensis
870 2157 906 2185 a.
939 2142 1021 2183 238
1063 2141 1135 2196 (ef.
1173 2154 1307 2195 supra
1346 2141 1423 2183 sub
1451 2141 1498 2194 Q.
1528 2140 1662 2183 Deeio
1698 2140 1954 2195 Valeriano),
1985 2154 2086 2182 nam

364 2210 517 2251 mirum
538 2213 641 2252 esset
669 2209 887 2252 Valeriani
914 2223 1062 2251 nomen
1093 2209 1141 2251 de
1169 2209 1424 2263 imperatore
1451 2223 1537 2252 non
1565 2209 1757 2263 reperiri.
1798 2207 1978 2261 (Consul
1995 2208 2085 2263 suf-

364 2279 498 2331 fectus
527 2292 638 2320 anno
668 2279 839 2328 incerto,
870 2278 1023 2332 quippe
1054 2291 1165 2319 anno
1195 2280 1280 2320 250
1311 2277 1454 2320 consul
1483 2276 1663 2332 iterum).
1710 2278 1763 2319 In
1793 2283 1956 2332 senatu,
1987 2291 2086 2319 cum

368 2345 595 2401 Philippus
626 2345 680 2388 de
710 2346 868 2387 Marini
901 2352 943 2387 et
971 2346 1185 2401 Iotapiani
1216 2344 1501 2387 seditionibus
1531 2346 1785 2401 scripsisset,
1817 2360 1928 2402 quae
1956 2345 2087 2388 verba

366 2413 519 2455 fecerit
549 2414 743 2456 Zosimus
768 2417 806 2464 1,
829 2417 887 2457 21
897 2427 910 2465 ;
940 2414 1138 2456 Zonaras
1161 2417 1230 2464 12,
1253 2417 1320 2456 19.
1375 2414 1544 2455 Invitus
1575 2428 1602 2455 a
1630 2413 1829 2470 Philippo
1867 2413 1923 2455 ad
1963 2428 2083 2456 exer·
2140 2460 2147 2466 ⁸

367 2483 477 2524 citus
531 2482 721 2524 Moesiae
770 2482 1107 2538 Pannoniaeque
1155 2482 1387 2538 (Moesiam
1436 2481 1571 2524 solam
1623 2484 1827 2524 memorat
1870 2481 2084 2537 Zonaras)

366 2551 552 2592 mittitur
581 2551 677 2594 Zos,
711 2550 737 2593 l.
773 2564 820 2601 e.,
853 2551 1050 2594 Zonaras
1082 2550 1107 2595 l.
1140 2563 1200 2602 e.,·
1236 2551 1392 2592 missus
1432 2566 1458 2593 a
1497 2549 1698 2606 Philippo
1739 2557 1888 2593 contra
1919 2550 2084 2595 Gothos

366 2618 573 2660 Moesiam
604 2618 921 2675 Thraciamque
950 2625 1172 2661 vastantes
1200 2618 1408 2661 Iordanes
1435 2618 1529 2661 Get.
1562 2621 1626 2669 16,
1653 2622 1720 2662 90.
1766 2617 1839 2661 Ab
1868 2618 1935 2660 his
1965 2633 2086 2661 exer-

369 2686 538 2742 citibus,
571 2688 766 2743 quamvis
796 2702 1055 2744 repugnans,
1088 2689 1322 2743 imperator
1350 2686 1595 2743 appellatur
1620 2686 1717 2731 Zos.
1750 2686 1776 2731 l.
1808 2700 1855 2738 e.,
1888 2687 2086 2730 Zonaras

369 2754 395 2797 l.
427 2768 461 2796 e.
523 2754 686 2798 Consul
727 2756 884 2798 iterum
923 2756 1012 2800 ord.
1056 2772 1093 2798 a.
1125 2757 1208 2798 250
1251 2771 1351 2798 cum
1385 2755 1530 2798 Vettio
1572 2754 1708 2797 Grato
1745 2755 1862 2808 fasti.
1924 2754 2086 2798 Consul

367 2823 541 2865 tertium
573 2824 663 2867 ord.
686 2839 723 2866 a.
747 2825 823 2866 251
858 2839 956 2866 cum
978 2824 1030 2877 Q.
1053 2825 1275 2866 Herennio
1296 2825 1479 2866 Etrusco
1501 2824 1658 2866 Messio
1679 2824 1816 2866 Decio
1846 2822 1935 2865 filio
1964 2823 2083 2878 fasti.

370 2890 481 2933 Cum
512 2893 810 2948 imperavisset
840 2908 1003 2935 annum
1033 2908 1166 2935 unum
1195 2907 1363 2934 menses
1389 2893 1456 2934 XI
1477 2892 1518 2934 d.
1539 2892 1673 2935 XVII
1702 2892 1920 2947 ehronoyr.
1943 2906 1984 2934 a.
2004 2893 2086 2934 354

367 2959 524 3014 (chron.
555 2961 654 3002 min.
686 2960 746 3004 ed.
775 2961 971 3003 Momms.
993 2961 1027 3003 I
1040 2976 1087 3015 p.
1108 2963 1218 3016 147),
1247 2975 1383 3003 annos
1414 2960 1520 3002 duos
1548 2974 1634 3002 non
1655 2961 1846 3015 integros
1867 2959 2022 3002 Euseb.
2043 2958 2084 3000 h.

366 3027 461 3070 θεοῖ.
484 3031 519 3078 7,
543 3031 581 3078 1,
613 3028 864 3079 Zonar.12,
897 3033 967 3079 20,
1010 3044 1168 3071 annum
1200 3044 1333 3070 unum
1373 3043 1540 3071 menses
1579 3029 1648 3071 111
1685 3028 1897 3071 Eusebius
1927 3027 2082 3078 chron„

366 3095 589 3138 biennium
621 3096 763 3138 Victor
798 3097 917 3140 Caes.
940 3100 1008 3147 29,
1040 3097 1222 3152 Eutrop.
1246 3100 1283 3147 9,
1305 3100 1344 3148 4,
1375 3111 1544 3139 menses
1565 3098 1741 3151 triginta
1768 3096 1871 3139 Viet.
1893 3095 1990 3150 epit.
2011 3097 2082 3145 29,

368 3179 503 3206 annos
524 3170 610 3206 tres
640 3164 759 3207 Oros.
783 3168 819 3215 7,
842 3168 914 3215 21,
934 3168 972 3215 1,
1005 3172 1154 3207 contra
1181 3165 1344 3221 Carpos
1374 3164 1591 3222 profectus
1621 3180 1647 3207 a
1675 3164 1872 3207 barbaris
1902 3165 2084 3206 circum-

366 3238 521 3274 ventus
552 3238 594 3274 et
625 3232 792 3274 occisus
824 3239 888 3274 est
919 3232 966 3274 de
995 3236 1115 3275 mort.
1140 3246 1299 3287 perseo.
1319 3236 1358 3283 4,
1391 3232 1642 3275 interfectus
1673 3238 1738 3275 est
1767 3247 1853 3274 una
1879 3245 1977 3274 cum
1995 3229 2083 3272 filio

366 3300 411 3341 in
436 3299 663 3342 barbarico
683 3300 863 3355 Eutrop.
885 3304 924 3351 9,
945 3304 984 3351 4,
1006 3301 1213 3344 barbaros
1234 3315 1497 3358 persequens
1519 3301 1660 3344 Victor
1687 3299 1805 3343 Caes.
1825 3303 1895 3351 29,
1920 3300 2085 3342 occisus

367 3371 411 3411 in
442 3383 589 3425 pugna
619 3369 860 3413 Gothorum
899 3369 1080 3412 Polemii
1110 3369 1238 3413 Siluii
1278 3369 1503 3412 laterculus
1541 3369 1699 3424 (chron.
1729 3369 1830 3411 min.
1853 3369 1888 3412 I
1900 3383 1949 3423 p.
1970 3369 2082 3419 521),
