<?xml version="1.0" encoding="UTF-8"?>
<!DOCTYPE html PUBLIC "-//W3C//DTD XHTML 1.0 Transitional//EN"
    "http://www.w3.org/TR/xhtml1/DTD/xhtml1-transitional.dtd">
<html xmlns="http://www.w3.org/1999/xhtml" xml:lang="en" lang="en">
 <head>
  <title>
</title>
<meta http-equiv="Content-Type" content="text/html;charset=utf-8" />
  <meta name='ocr-system' content='tesseract 3.04.00' />
  <meta name='ocr-capabilities' content='ocr_page ocr_carea ocr_par ocr_line ocrx_word'/>
</head>
<body>
  <div class='ocr_page' id='page_1' title='image "./prosopographiaim02akaduoft_0421.png"; bbox 0 0 2202 3724; ppageno 0'>
   <div class='ocr_carea' id='block_1_1' title="bbox 147 295 1958 341">
    <p class='ocr_par' dir='ltr' id='par_1_1' title="bbox 147 295 1958 341">
     <span class='ocr_line' id='line_1_1' title="bbox 147 295 1958 341; baseline -0.002 0"><span class='ocrx_word' id='word_1_1' title='bbox 147 303 183 341; x_wconf 82' lang='lat' dir='ltr'>N</span> <span class='ocrx_word' id='word_1_2' title='bbox 185 303 307 341; x_wconf 79' lang='lat' dir='ltr'><strong>ONIV</strong></span> <span class='ocrx_word' id='word_1_3' title='bbox 310 305 334 341; x_wconf 86' lang='lat' dir='ltr'>S</span> <span class='ocrx_word' id='word_1_4' title='bbox 1015 295 1099 338; x_wconf 88' lang='lat'><em>409</em></span> <span class='ocrx_word' id='word_1_5' title='bbox 1773 301 1958 338; x_wconf 85' lang='lat' dir='ltr'><strong>NONIVS</strong></span> 
     </span>
    </p>
   </div>
   <div class='ocr_carea' id='block_1_2' title="bbox 150 369 319 374">
    <p class='ocr_par' dir='ltr' id='par_1_2' title="bbox 150 369 319 374">
     <span class='ocr_line' id='line_1_2' title="bbox 150 369 319 374; baseline 0 0"><span class='ocrx_word' id='word_1_6' title='bbox 150 369 319 374; x_wconf 95' lang='lat' dir='ltr'><em> </em></span> 
     </span>
    </p>
   </div>
   <div class='ocr_carea' id='block_1_3' title="bbox 1350 365 1945 371">
    <p class='ocr_par' dir='ltr' id='par_1_3' title="bbox 1350 365 1945 371">
     <span class='ocr_line' id='line_1_3' title="bbox 1350 365 1945 371; baseline 0 0"><span class='ocrx_word' id='word_1_7' title='bbox 1350 365 1945 371; x_wconf 95' lang='lat' dir='ltr'><em> </em></span> 
     </span>
    </p>
   </div>
   <div class='ocr_carea' id='block_1_4' title="bbox 147 433 1968 3443">
    <p class='ocr_par' dir='ltr' id='par_1_4' title="bbox 229 433 1966 1449">
     <span class='ocr_line' id='line_1_4' title="bbox 232 433 1961 490; baseline -0.003 -12"><span class='ocrx_word' id='word_1_8' title='bbox 232 437 372 490; x_wconf 84' lang='lat' dir='ltr'><em>frater</em></span> <span class='ocrx_word' id='word_1_9' title='bbox 403 435 468 478; x_wconf 89' lang='lat' dir='ltr'><em>M.</em></span> <span class='ocrx_word' id='word_1_10' title='bbox 502 435 638 478; x_wconf 83' lang='lat' dir='ltr'><em>Nonii</em></span> <span class='ocrx_word' id='word_1_11' title='bbox 666 435 797 478; x_wconf 84' lang='lat' dir='ltr'><em>Arrii</em></span> <span class='ocrx_word' id='word_1_12' title='bbox 825 435 1005 477; x_wconf 86' lang='lat' dir='ltr'><em>Paulini</em></span> <span class='ocrx_word' id='word_1_13' title='bbox 1029 434 1146 489; x_wconf 86' lang='lat' dir='ltr'><em>Apri</em></span> <span class='ocrx_word' id='word_1_14' title='bbox 1173 434 1248 488; x_wconf 80' lang='lat' dir='ltr'><em>qui</em></span> <span class='ocrx_word' id='word_1_15' title='bbox 1273 434 1486 488; x_wconf 77' lang='lat' dir='ltr'><em>sequitur‚·</em></span> <span class='ocrx_word' id='word_1_16' title='bbox 1524 446 1779 488; x_wconf 77' lang='lat' dir='ltr'><em>quamquam</em></span> <span class='ocrx_word' id='word_1_17' title='bbox 1807 433 1961 474; x_wconf 85' lang='lat' dir='ltr'><em>mirum</em></span> 
     </span>
     <span class='ocr_line' id='line_1_5' title="bbox 234 500 1961 558; baseline -0.003 -11"><span class='ocrx_word' id='word_1_18' title='bbox 234 506 274 547; x_wconf 90' lang='lat' dir='ltr'><em>ei</em></span> <span class='ocrx_word' id='word_1_19' title='bbox 310 519 394 547; x_wconf 90' lang='lat' dir='ltr'><em>non</em></span> <span class='ocrx_word' id='word_1_20' title='bbox 431 505 583 558; x_wconf 81' lang='lat' dir='ltr'><em>fuisse,</em></span> <span class='ocrx_word' id='word_1_21' title='bbox 623 507 671 546; x_wconf 92' lang='lat' dir='ltr'><em>ut</em></span> <span class='ocrx_word' id='word_1_22' title='bbox 699 504 808 554; x_wconf 91' lang='lat' dir='ltr'><em>illis,</em></span> <span class='ocrx_word' id='word_1_23' title='bbox 851 504 1009 546; x_wconf 79' lang='lat' dir='ltr'><em>tribum</em></span> <span class='ocrx_word' id='word_1_24' title='bbox 1037 503 1227 545; x_wconf 82' lang='lat' dir='ltr'><em>Fabiam</em></span> <span class='ocrx_word' id='word_1_25' title='bbox 1256 502 1590 552; x_wconf 77' lang='lat' dir='ltr'><em>Brixianorum,</em></span> <span class='ocrx_word' id='word_1_26' title='bbox 1627 501 1702 544; x_wconf 84' lang='lat' dir='ltr'><em>sed</em></span> <span class='ocrx_word' id='word_1_27' title='bbox 1730 500 1961 544; x_wconf 84' lang='lat' dir='ltr'><em>Pobliliam</em></span> 
     </span>
     <span class='ocr_line' id='line_1_6' title="bbox 234 570 1962 629; baseline -0.003 -13"><span class='ocrx_word' id='word_1_28' title='bbox 234 572 545 616; x_wconf 86' lang='lat' dir='ltr'><em>Veronensium&#39;</em></span> <span class='ocrx_word' id='word_1_29' title='bbox 576 572 722 629; x_wconf 88' lang='lat' dir='ltr'><em>(etiam</em></span> <span class='ocrx_word' id='word_1_30' title='bbox 766 573 831 615; x_wconf 86' lang='lat' dir='ltr'><em>M.</em></span> <span class='ocrx_word' id='word_1_31' title='bbox 876 572 1045 615; x_wconf 89' lang='lat' dir='ltr'><em>Nonius</em></span> <span class='ocrx_word' id='word_1_32' title='bbox 1087 572 1320 614; x_wconf 73' lang='lat' dir='ltr'><em>Mucianus</em></span> <span class='ocrx_word' id='word_1_33' title='bbox 1359 571 1411 615; x_wconf 90' lang='lat' dir='ltr'><em>P.</em></span> <span class='ocrx_word' id='word_1_34' title='bbox 1450 571 1662 625; x_wconf 79' lang='lat' dir='ltr'><em>Delphius</em></span> <span class='ocrx_word' id='word_1_35' title='bbox 1706 570 1962 624; x_wconf 73' lang='lat' dir='ltr'><em>Pereqrinus</em></span> 
     </span>
     <span class='ocr_line' id='line_1_7' title="bbox 234 638 1961 698; baseline -0.003 -14"><span class='ocrx_word' id='word_1_36' title='bbox 234 642 349 684; x_wconf 86' lang='lat' dir='ltr'><em>tribu</em></span> <span class='ocrx_word' id='word_1_37' title='bbox 369 642 454 695; x_wconf 84' lang='lat' dir='ltr'><em>fuit</em></span> <span class='ocrx_word' id='word_1_38' title='bbox 474 641 695 698; x_wconf 87' lang='lat' dir='ltr'><em>Poblilia).</em></span> <span class='ocrx_word' id='word_1_39' title='bbox 743 641 886 695; x_wconf 92' lang='lat' dir='ltr'><em>Nepos</em></span> <span class='ocrx_word' id='word_1_40' title='bbox 906 642 1090 695; x_wconf 81' lang='lat' dir='ltr'><em>fortasse</em></span> <span class='ocrx_word' id='word_1_41' title='bbox 1112 641 1178 682; x_wconf 89' lang='lat' dir='ltr'><em>M.</em></span> <span class='ocrx_word' id='word_1_42' title='bbox 1203 640 1342 683; x_wconf 89' lang='lat' dir='ltr'><em>Nonii</em></span> <span class='ocrx_word' id='word_1_43' title='bbox 1362 640 1565 682; x_wconf 81' lang='lat' dir='ltr'><em>Muciani</em></span> <span class='ocrx_word' id='word_1_44' title='bbox 1584 639 1766 682; x_wconf 87' lang='lat' dir='ltr'><em>consulis</em></span> <span class='ocrx_word' id='word_1_45' title='bbox 1786 642 1824 681; x_wconf 87' lang='lat' dir='ltr'><em>et</em></span> <span class='ocrx_word' id='word_1_46' title='bbox 1845 638 1961 692; x_wconf 80' lang='lat' dir='ltr'><em>quin-</em></span> 
     </span>
     <span class='ocr_line' id='line_1_8' title="bbox 234 706 1963 764; baseline -0.003 -12"><span class='ocrx_word' id='word_1_47' title='bbox 234 709 451 753; x_wconf 84' lang='lat' dir='ltr'><em>decimviri</em></span> <span class='ocrx_word' id='word_1_48' title='bbox 468 710 605 752; x_wconf 88' lang='lat' dir='ltr'><em>sacris</em></span> <span class='ocrx_word' id='word_1_49' title='bbox 623 709 840 763; x_wconf 84' lang='lat' dir='ltr'><em>faciundis</em></span> <span class='ocrx_word' id='word_1_50' title='bbox 869 709 1007 764; x_wconf 81' lang='lat' dir='ltr'><em>(infra</em></span> <span class='ocrx_word' id='word_1_51' title='bbox 1035 723 1078 751; x_wconf 87' lang='lat' dir='ltr'><em>n.</em></span> <span class='ocrx_word' id='word_1_52' title='bbox 1100 710 1212 764; x_wconf 90' lang='lat'><strong><em>110),</em></strong></span> <span class='ocrx_word' id='word_1_53' title='bbox 1243 709 1284 750; x_wconf 89' lang='lat' dir='ltr'><em>si</em></span> <span class='ocrx_word' id='word_1_54' title='bbox 1300 722 1406 759; x_wconf 82' lang='lat' dir='ltr'><em>vere,</em></span> <span class='ocrx_word' id='word_1_55' title='bbox 1437 712 1485 750; x_wconf 92' lang='lat' dir='ltr'><em>ut</em></span> <span class='ocrx_word' id='word_1_56' title='bbox 1506 709 1680 750; x_wconf 87' lang='lat' dir='ltr'><em>coniecit</em></span> <span class='ocrx_word' id='word_1_57' title='bbox 1703 706 1963 762; x_wconf 74' lang='lat' dir='ltr'><em>Boryhesius</em></span> 
     </span>
     <span class='ocr_line' id='line_1_9' title="bbox 234 775 1964 833; baseline -0.002 -13"><span class='ocrx_word' id='word_1_58' title='bbox 234 778 261 820; x_wconf 95' lang='lat' dir='ltr'><em>l.</em></span> <span class='ocrx_word' id='word_1_59' title='bbox 293 792 327 823; x_wconf 87' lang='lat' dir='ltr'><em>c.</em></span> <span class='ocrx_word' id='word_1_60' title='bbox 351 793 399 833; x_wconf 92' lang='lat' dir='ltr'><em>p.</em></span> <span class='ocrx_word' id='word_1_61' title='bbox 421 781 494 829; x_wconf 85' lang='lat'><strong><em>63,</em></strong></span> <span class='ocrx_word' id='word_1_62' title='bbox 534 778 604 821; x_wconf 78' lang='lat' dir='ltr'><em>liic</em></span> <span class='ocrx_word' id='word_1_63' title='bbox 643 781 704 820; x_wconf 89' lang='lat' dir='ltr'><em>est</em></span> <span class='ocrx_word' id='word_1_64' title='bbox 743 778 978 821; x_wconf 75' lang='lat' dir='ltr'><em>Mucianus</em></span> <span class='ocrx_word' id='word_1_65' title='bbox 1004 778 1080 832; x_wconf 82' lang='lat' dir='ltr'><em>qui</em></span> <span class='ocrx_word' id='word_1_66' title='bbox 1110 778 1175 822; x_wconf 90' lang='lat' dir='ltr'><em>M.</em></span> <span class='ocrx_word' id='word_1_67' title='bbox 1210 777 1352 820; x_wconf 86' lang='lat' dir='ltr'><em>Nonio</em></span> <span class='ocrx_word' id='word_1_68' title='bbox 1383 777 1590 820; x_wconf 88' lang='lat' dir='ltr'><em>Muciano</em></span> <span class='ocrx_word' id='word_1_69' title='bbox 1619 777 1767 831; x_wconf 90' lang='lat' dir='ltr'><em>posuit</em></span> <span class='ocrx_word' id='word_1_70' title='bbox 1796 775 1964 818; x_wconf 88' lang='lat' dir='ltr'><em>titulum</em></span> 
     </span>
     <span class='ocr_line' id='line_1_10' title="bbox 232 843 1965 901; baseline -0.002 -12"><span class='ocrx_word' id='word_1_71' title='bbox 232 846 505 890; x_wconf 66' lang='lat' dir='ltr'><em>Briaiensem</em></span> <span class='ocrx_word' id='word_1_72' title='bbox 530 847 702 891; x_wconf 85' lang='lat' dir='ltr'><strong><em>V4346.</em></strong></span> <span class='ocrx_word' id='word_1_73' title='bbox 745 846 813 901; x_wconf 81' lang='lat' dir='ltr'><em>Cf.</em></span> <span class='ocrx_word' id='word_1_74' title='bbox 835 848 964 889; x_wconf 88' lang='lat' dir='ltr'><em>etiam</em></span> <span class='ocrx_word' id='word_1_75' title='bbox 986 847 1225 889; x_wconf 81' lang='lat' dir='ltr'><em>Mommsen</em></span> <span class='ocrx_word' id='word_1_76' title='bbox 1247 846 1360 890; x_wconf 83' lang='lat' dir='ltr'><strong><em>CIL.</em></strong></span> <span class='ocrx_word' id='word_1_77' title='bbox 1386 846 1479 900; x_wconf 90' lang='lat' dir='ltr'><em>Vp.</em></span> <span class='ocrx_word' id='word_1_78' title='bbox 1495 849 1589 890; x_wconf 83' lang='lat'><strong><em>339.</em></strong></span> <span class='ocrx_word' id='word_1_79' title='bbox 1618 845 1756 887; x_wconf 87' lang='lat' dir='ltr'><em>Tribu</em></span> <span class='ocrx_word' id='word_1_80' title='bbox 1778 843 1965 886; x_wconf 92' lang='lat' dir='ltr'><em>Poblilia</em></span> 
     </span>
     <span class='ocr_line' id='line_1_11' title="bbox 234 913 1963 970; baseline -0.002 -13"><span class='ocrx_word' id='word_1_81' title='bbox 234 918 262 957; x_wconf 92' lang='lat' dir='ltr'><em>t.</em></span> <span class='ocrx_word' id='word_1_82' title='bbox 294 919 332 960; x_wconf 92' lang='lat'><em>1.</em></span> <span class='ocrx_word' id='word_1_83' title='bbox 403 915 544 957; x_wconf 82' lang='lat' dir='ltr'><em>Primi</em></span> <span class='ocrx_word' id='word_1_84' title='bbox 582 915 760 958; x_wconf 76' lang='lat' dir='ltr'><em>honores</em></span> <span class='ocrx_word' id='word_1_85' title='bbox 799 916 1066 970; x_wconf 66' lang='lat' dir='ltr'><em>ignorantur.</em></span> <span class='ocrx_word' id='word_1_86' title='bbox 1139 914 1414 958; x_wconf 83' lang='lat' dir='ltr'><em>Clarissimus</em></span> <span class='ocrx_word' id='word_1_87' title='bbox 1454 915 1522 956; x_wconf 90' lang='lat' dir='ltr'><em>vir</em></span> <span class='ocrx_word' id='word_1_88' title='bbox 1564 918 1590 958; x_wconf 92' lang='lat' dir='ltr'><em>t.</em></span> <span class='ocrx_word' id='word_1_89' title='bbox 1621 917 1664 957; x_wconf 98' lang='grc'><em>2.</em></span> <span class='ocrx_word' id='word_1_90' title='bbox 1696 917 1733 958; x_wconf 91' lang='grc'><em>6.</em></span> <span class='ocrx_word' id='word_1_91' title='bbox 1793 913 1848 955; x_wconf 92' lang='lat' dir='ltr'><em>A.</em></span> <span class='ocrx_word' id='word_1_92' title='bbox 1881 913 1963 954; x_wconf 81' lang='lat'><em>189</em></span> 
     </span>
     <span class='ocr_line' id='line_1_12' title="bbox 235 981 1961 1031; baseline -0.002 -5"><span class='ocrx_word' id='word_1_93' title='bbox 235 990 398 1026; x_wconf 83' lang='lat' dir='ltr'><em>statuas</em></span> <span class='ocrx_word' id='word_1_94' title='bbox 436 984 544 1026; x_wconf 89' lang='lat' dir='ltr'><em>duas</em></span> <span class='ocrx_word' id='word_1_95' title='bbox 585 983 749 1026; x_wconf 84' lang='lat' dir='ltr'><em>dicavit</em></span> <span class='ocrx_word' id='word_1_96' title='bbox 789 983 1024 1027; x_wconf 88' lang='lat' dir='ltr'><em>Commodo</em></span> <span class='ocrx_word' id='word_1_97' title='bbox 1065 987 1092 1027; x_wconf 83' lang='lat' dir='ltr'><em>t.</em></span> <span class='ocrx_word' id='word_1_98' title='bbox 1123 987 1162 1028; x_wconf 85' lang='lat'><em>3.</em></span> <span class='ocrx_word' id='word_1_99' title='bbox 1223 985 1406 1026; x_wconf 83' lang='lat' dir='ltr'><em>Praetor</em></span> <span class='ocrx_word' id='word_1_100' title='bbox 1435 986 1464 1025; x_wconf 84' lang='lat' dir='ltr'><em>t.</em></span> <span class='ocrx_word' id='word_1_101' title='bbox 1493 987 1531 1025; x_wconf 93' lang='lat'><em>1.</em></span> <span class='ocrx_word' id='word_1_102' title='bbox 1592 981 1756 1026; x_wconf 89' lang='lat' dir='ltr'><em>Consul</em></span> <span class='ocrx_word' id='word_1_103' title='bbox 1787 984 1816 1023; x_wconf 83' lang='lat' dir='ltr'><em>t.</em></span> <span class='ocrx_word' id='word_1_104' title='bbox 1848 984 1886 1023; x_wconf 94' lang='lat'><em>1.</em></span> <span class='ocrx_word' id='word_1_105' title='bbox 1918 985 1961 1031; x_wconf 90' lang='grc'><em>2,</em></span> 
     </span>
     <span class='ocr_line' id='line_1_13' title="bbox 236 1050 1963 1106; baseline -0.003 -11"><span class='ocrx_word' id='word_1_106' title='bbox 236 1052 480 1095; x_wconf 87' lang='lat' dir='ltr'><em>ordinarius</em></span> <span class='ocrx_word' id='word_1_107' title='bbox 521 1068 558 1097; x_wconf 85' lang='lat' dir='ltr'><em>a.</em></span> <span class='ocrx_word' id='word_1_108' title='bbox 590 1054 670 1096; x_wconf 87' lang='lat'><em>201</em></span> <span class='ocrx_word' id='word_1_109' title='bbox 709 1068 796 1095; x_wconf 88' lang='lat' dir='ltr'><em>una</em></span> <span class='ocrx_word' id='word_1_110' title='bbox 834 1067 931 1095; x_wconf 87' lang='lat' dir='ltr'><em>eum</em></span> <span class='ocrx_word' id='word_1_111' title='bbox 961 1053 1012 1095; x_wconf 93' lang='lat' dir='ltr'><em>L.</em></span> <span class='ocrx_word' id='word_1_112' title='bbox 1043 1052 1188 1095; x_wconf 92' lang='lat' dir='ltr'><em>Annio</em></span> <span class='ocrx_word' id='word_1_113' title='bbox 1217 1052 1414 1095; x_wconf 89' lang='lat' dir='ltr'><em>Fabiano</em></span> <span class='ocrx_word' id='word_1_114' title='bbox 1450 1052 1569 1106; x_wconf 80' lang='lat' dir='ltr'><em>fasti.</em></span> <span class='ocrx_word' id='word_1_115' title='bbox 1631 1050 1963 1104; x_wconf 82' lang='lat' dir='ltr'><em>Quindecimvir</em></span> 
     </span>
     <span class='ocr_line' id='line_1_14' title="bbox 235 1119 1966 1165; baseline -0.002 -2"><span class='ocrx_word' id='word_1_116' title='bbox 235 1122 369 1163; x_wconf 85' lang='lat' dir='ltr'><em>saeris</em></span> <span class='ocrx_word' id='word_1_117' title='bbox 409 1121 622 1164; x_wconf 78' lang='lat' dir='ltr'><em>faciundis</em></span> <span class='ocrx_word' id='word_1_118' title='bbox 663 1124 691 1164; x_wconf 92' lang='lat' dir='ltr'><em>t.</em></span> <span class='ocrx_word' id='word_1_119' title='bbox 722 1125 761 1164; x_wconf 90' lang='lat'><em>1.</em></span> <span class='ocrx_word' id='word_1_120' title='bbox 820 1121 1082 1164; x_wconf 89' lang='lat' dir='ltr'><em>Nominatur</em></span> <span class='ocrx_word' id='word_1_121' title='bbox 1118 1137 1156 1163; x_wconf 88' lang='lat' dir='ltr'><em>a.</em></span> <span class='ocrx_word' id='word_1_122' title='bbox 1200 1122 1285 1164; x_wconf 84' lang='lat'><em>204</em></span> <span class='ocrx_word' id='word_1_123' title='bbox 1323 1122 1369 1163; x_wconf 92' lang='lat' dir='ltr'><em>in</em></span> <span class='ocrx_word' id='word_1_124' title='bbox 1410 1124 1491 1165; x_wconf 85' lang='lat' dir='ltr'><em>act.</em></span> <span class='ocrx_word' id='word_1_125' title='bbox 1527 1134 1634 1163; x_wconf 85' lang='lat' dir='ltr'><em>saec.</em></span> <span class='ocrx_word' id='word_1_126' title='bbox 1696 1119 1883 1162; x_wconf 88' lang='lat' dir='ltr'><em>Curator</em></span> <span class='ocrx_word' id='word_1_127' title='bbox 1923 1124 1966 1159; x_wconf 91' lang='lat' dir='ltr'><em>et</em></span> 
     </span>
     <span class='ocr_line' id='line_1_15' title="bbox 233 1186 1966 1246; baseline -0.003 -14"><span class='ocrx_word' id='word_1_128' title='bbox 233 1196 441 1246; x_wconf 85' lang='lat' dir='ltr'><em>patronus</em></span> <span class='ocrx_word' id='word_1_129' title='bbox 461 1189 781 1232; x_wconf 86' lang='lat' dir='ltr'><em>Veronensium</em></span> <span class='ocrx_word' id='word_1_130' title='bbox 804 1194 832 1233; x_wconf 89' lang='lat' dir='ltr'><em>t.</em></span> <span class='ocrx_word' id='word_1_131' title='bbox 853 1194 893 1233; x_wconf 93' lang='lat'><em>1.</em></span> <span class='ocrx_word' id='word_1_132' title='bbox 913 1214 972 1220; x_wconf 90' lang='lat'>—</span> <span class='ocrx_word' id='word_1_133' title='bbox 991 1190 1118 1234; x_wconf 86' lang='lat' dir='ltr'><em>Uxor</em></span> <span class='ocrx_word' id='word_1_134' title='bbox 1140 1189 1292 1233; x_wconf 84' lang='lat' dir='ltr'><em>Sextia</em></span> <span class='ocrx_word' id='word_1_135' title='bbox 1310 1189 1465 1232; x_wconf 89' lang='lat' dir='ltr'><em>Asinia</em></span> <span class='ocrx_word' id='word_1_136' title='bbox 1486 1189 1610 1231; x_wconf 87' lang='lat' dir='ltr'><em>Polla</em></span> <span class='ocrx_word' id='word_1_137' title='bbox 1640 1192 1667 1231; x_wconf 90' lang='lat' dir='ltr'><em>t.</em></span> <span class='ocrx_word' id='word_1_138' title='bbox 1689 1191 1727 1232; x_wconf 87' lang='lat'><em>5.</em></span> <span class='ocrx_word' id='word_1_139' title='bbox 1779 1186 1966 1229; x_wconf 83' lang='lat' dir='ltr'><em>Praedia</em></span> 
     </span>
     <span class='ocr_line' id='line_1_16' title="bbox 229 1255 1964 1311; baseline -0.002 -11"><span class='ocrx_word' id='word_1_140' title='bbox 229 1258 363 1301; x_wconf 86' lang='lat' dir='ltr'><em>habet</em></span> <span class='ocrx_word' id='word_1_141' title='bbox 391 1258 447 1300; x_wconf 86' lang='lat' dir='ltr'><em>ad</em></span> <span class='ocrx_word' id='word_1_142' title='bbox 475 1257 615 1301; x_wconf 85' lang='lat' dir='ltr'><em>lacum</em></span> <span class='ocrx_word' id='word_1_143' title='bbox 640 1259 862 1301; x_wconf 85' lang='lat' dir='ltr'><em>Benacum</em></span> <span class='ocrx_word' id='word_1_144' title='bbox 883 1259 1000 1301; x_wconf 85' lang='lat' dir='ltr'><em>dieta</em></span> <span class='ocrx_word' id='word_1_145' title='bbox 1020 1257 1271 1301; x_wconf 87' lang='lat' dir='ltr'><em>Tublinatia</em></span> <span class='ocrx_word' id='word_1_146' title='bbox 1301 1261 1329 1302; x_wconf 87' lang='lat' dir='ltr'><em>t.</em></span> <span class='ocrx_word' id='word_1_147' title='bbox 1357 1261 1396 1301; x_wconf 89' lang='lat'><em>6.</em></span> <span class='ocrx_word' id='word_1_148' title='bbox 1417 1283 1475 1288; x_wconf 94' lang='lat'>—</span> <span class='ocrx_word' id='word_1_149' title='bbox 1506 1257 1586 1301; x_wconf 71' lang='lat' dir='ltr'><em>Vioe</em></span> <span class='ocrx_word' id='word_1_150' title='bbox 1614 1257 1683 1299; x_wconf 79' lang='lat' dir='ltr'><em>hic</em></span> <span class='ocrx_word' id='word_1_151' title='bbox 1713 1255 1840 1311; x_wconf 78' lang='lat' dir='ltr'><em>(quod</em></span> <span class='ocrx_word' id='word_1_152' title='bbox 1869 1269 1964 1298; x_wconf 88' lang='lat' dir='ltr'><em>con-</em></span> 
     </span>
     <span class='ocr_line' id='line_1_17' title="bbox 234 1324 1963 1386; baseline -0.001 -18"><span class='ocrx_word' id='word_1_153' title='bbox 234 1328 420 1370; x_wconf 85' lang='lat' dir='ltr'><em>iecerant</em></span> <span class='ocrx_word' id='word_1_154' title='bbox 456 1326 667 1386; x_wconf 83' lang='lat' dir='ltr'><em>nonnulli)</em></span> <span class='ocrx_word' id='word_1_155' title='bbox 697 1327 860 1369; x_wconf 88' lang='lat' dir='ltr'><em>Arrius</em></span> <span class='ocrx_word' id='word_1_156' title='bbox 900 1327 1065 1378; x_wconf 88' lang='lat' dir='ltr'><em>consul,</em></span> <span class='ocrx_word' id='word_1_157' title='bbox 1104 1330 1359 1369; x_wconf 88' lang='lat' dir='ltr'><em>memoratus</em></span> <span class='ocrx_word' id='word_1_158' title='bbox 1389 1327 1552 1369; x_wconf 85' lang='lat' dir='ltr'><em>Kaibel</em></span> <span class='ocrx_word' id='word_1_159' title='bbox 1581 1341 1643 1380; x_wconf 82' lang='lat' dir='ltr'><em>ep.</em></span> <span class='ocrx_word' id='word_1_160' title='bbox 1673 1324 1751 1368; x_wconf 83' lang='lat' dir='ltr'><em>Gr.</em></span> <span class='ocrx_word' id='word_1_161' title='bbox 1783 1327 1876 1375; x_wconf 97' lang='lat'><strong><em>674,</em></strong></span> <span class='ocrx_word' id='word_1_162' title='bbox 1909 1325 1963 1377; x_wconf 81' lang='lat' dir='ltr'><em>ef.</em></span> 
     </span>
     <span class='ocr_line' id='line_1_18' title="bbox 234 1395 1342 1449; baseline 0.001 -12"><span class='ocrx_word' id='word_1_163' title='bbox 234 1396 356 1449; x_wconf 80' lang='lat' dir='ltr'><em>infra</em></span> <span class='ocrx_word' id='word_1_164' title='bbox 384 1396 460 1437; x_wconf 86' lang='lat' dir='ltr'><em>sub</em></span> <span class='ocrx_word' id='word_1_165' title='bbox 491 1395 621 1438; x_wconf 87' lang='lat' dir='ltr'><em>Oscia</em></span> <span class='ocrx_word' id='word_1_166' title='bbox 650 1396 852 1439; x_wconf 83' lang='lat' dir='ltr'><em>Modesta</em></span> <span class='ocrx_word' id='word_1_167' title='bbox 879 1395 1080 1439; x_wconf 84' lang='lat' dir='ltr'><em>Cornelia</em></span> <span class='ocrx_word' id='word_1_168' title='bbox 1108 1395 1342 1438; x_wconf 89' lang='lat' dir='ltr'><em>Publiana.</em></span> 
     </span>
    </p>

    <p class='ocr_par' dir='ltr' id='par_1_5' title="bbox 147 1461 1968 2277">
     <span class='ocr_line' id='line_1_19' title="bbox 147 1461 1967 1516; baseline -0.002 -10"><span class='ocrx_word' id='word_1_169' title='bbox 147 1464 203 1507; x_wconf 88' lang='lat'><em>92</em></span> <span class='ocrx_word' id='word_1_170' title='bbox 233 1470 285 1507; x_wconf 82' lang='lat' dir='ltr'><em>M.</em></span> <span class='ocrx_word' id='word_1_171' title='bbox 306 1470 491 1506; x_wconf 87' lang='lat' dir='ltr'>NONIVS</span> <span class='ocrx_word' id='word_1_172' title='bbox 511 1470 696 1507; x_wconf 83' lang='lat' dir='ltr'><strong>ARRIVS</strong></span> <span class='ocrx_word' id='word_1_173' title='bbox 717 1470 965 1507; x_wconf 88' lang='lat' dir='ltr'><em>PAVLINVS</em></span> <span class='ocrx_word' id='word_1_174' title='bbox 986 1471 1132 1507; x_wconf 90' lang='lat' dir='ltr'><strong><em>APER.</em></strong></span> <span class='ocrx_word' id='word_1_175' title='bbox 1182 1464 1316 1506; x_wconf 77' lang='lat' dir='ltr'><em>Tituli</em></span> <span class='ocrx_word' id='word_1_176' title='bbox 1333 1464 1542 1507; x_wconf 73' lang='lat' dir='ltr'><em>Brixiani</em></span> <span class='ocrx_word' id='word_1_177' title='bbox 1559 1463 1623 1505; x_wconf 86' lang='lat' dir='ltr'><em>vel</em></span> <span class='ocrx_word' id='word_1_178' title='bbox 1644 1462 1740 1516; x_wconf 72' lang='lat' dir='ltr'><em>ayri</em></span> <span class='ocrx_word' id='word_1_179' title='bbox 1758 1461 1967 1504; x_wconf 75' lang='lat' dir='ltr'><em>Brixiani</em></span> 
     </span>
     <span class='ocr_line' id='line_1_20' title="bbox 235 1531 1964 1590; baseline 0 -16"><span class='ocrx_word' id='word_1_180' title='bbox 235 1545 394 1575; x_wconf 78' lang='lat' dir='ltr'><em>omnes:</em></span> <span class='ocrx_word' id='word_1_181' title='bbox 424 1531 467 1575; x_wconf 87' lang='lat' dir='ltr'><em>V</em></span> <span class='ocrx_word' id='word_1_182' title='bbox 476 1536 596 1577; x_wconf 77' lang='lat'><em>4262</em></span> <span class='ocrx_word' id='word_1_183' title='bbox 615 1533 688 1589; x_wconf 88' lang='lat'><strong><em>(1).</em></strong></span> <span class='ocrx_word' id='word_1_184' title='bbox 718 1537 831 1577; x_wconf 76' lang='lat'><em>4263</em></span> <span class='ocrx_word' id='word_1_185' title='bbox 851 1533 913 1590; x_wconf 84' lang='grc'><em>(2)</em></span> <span class='ocrx_word' id='word_1_186' title='bbox 942 1537 1050 1576; x_wconf 79' lang='lat'><em>4340</em></span> <span class='ocrx_word' id='word_1_187' title='bbox 1078 1533 1150 1589; x_wconf 86' lang='lat'><strong><em>(3).</em></strong></span> <span class='ocrx_word' id='word_1_188' title='bbox 1180 1536 1288 1576; x_wconf 73' lang='lat'><em>4341</em></span> <span class='ocrx_word' id='word_1_189' title='bbox 1318 1533 1390 1589; x_wconf 79' lang='lat'><strong><em>(4).</em></strong></span> <span class='ocrx_word' id='word_1_190' title='bbox 1421 1536 1533 1576; x_wconf 78' lang='lat'><em>4342</em></span> <span class='ocrx_word' id='word_1_191' title='bbox 1563 1532 1635 1588; x_wconf 87' lang='lat'><em>(5).</em></span> <span class='ocrx_word' id='word_1_192' title='bbox 1680 1531 1740 1574; x_wconf 89' lang='lat' dir='ltr'><em>M.</em></span> <span class='ocrx_word' id='word_1_193' title='bbox 1762 1531 1791 1573; x_wconf 88' lang='lat' dir='ltr'><em>f.</em></span> <span class='ocrx_word' id='word_1_194' title='bbox 1815 1533 1844 1573; x_wconf 81' lang='lat' dir='ltr'><em>t.</em></span> <span class='ocrx_word' id='word_1_195' title='bbox 1863 1533 1904 1573; x_wconf 87' lang='lat'><em>3.</em></span> <span class='ocrx_word' id='word_1_196' title='bbox 1924 1534 1964 1574; x_wconf 77' lang='lat'><em>4.</em></span> 
     </span>
     <span class='ocr_line' id='line_1_21' title="bbox 234 1597 1964 1658; baseline -0.002 -15"><span class='ocrx_word' id='word_1_197' title='bbox 234 1600 380 1644; x_wconf 79' lang='lat' dir='ltr'><em>Iudice</em></span> <span class='ocrx_word' id='word_1_198' title='bbox 398 1600 632 1657; x_wconf 65' lang='lat' dir='ltr'><em>Borghesio</em></span> <span class='ocrx_word' id='word_1_199' title='bbox 654 1603 763 1658; x_wconf 89' lang='lat' dir='ltr'><strong><em>(opp.</em></strong></span> <span class='ocrx_word' id='word_1_200' title='bbox 786 1606 812 1645; x_wconf 91' lang='lat'><strong><em>6</em></strong></span> <span class='ocrx_word' id='word_1_201' title='bbox 833 1617 881 1657; x_wconf 88' lang='lat' dir='ltr'><em>p.</em></span> <span class='ocrx_word' id='word_1_202' title='bbox 902 1602 971 1657; x_wconf 87' lang='grc'><em>65)</em></span> <span class='ocrx_word' id='word_1_203' title='bbox 998 1602 1114 1658; x_wconf 70' lang='lat' dir='ltr'><em>fillius</em></span> <span class='ocrx_word' id='word_1_204' title='bbox 1137 1603 1203 1645; x_wconf 92' lang='lat' dir='ltr'><em>M.</em></span> <span class='ocrx_word' id='word_1_205' title='bbox 1227 1602 1367 1645; x_wconf 90' lang='lat' dir='ltr'><em>Nonii</em></span> <span class='ocrx_word' id='word_1_206' title='bbox 1387 1601 1585 1645; x_wconf 88' lang='lat' dir='ltr'><em>Macrini</em></span> <span class='ocrx_word' id='word_1_207' title='bbox 1613 1601 1751 1656; x_wconf 78' lang='lat' dir='ltr'><em>(infra</em></span> <span class='ocrx_word' id='word_1_208' title='bbox 1779 1614 1821 1642; x_wconf 94' lang='lat' dir='ltr'><em>n.</em></span> <span class='ocrx_word' id='word_1_209' title='bbox 1849 1597 1964 1652; x_wconf 92' lang='grc'><em>108),</em></span> 
     </span>
     <span class='ocr_line' id='line_1_22' title="bbox 234 1667 1965 1726; baseline -0.002 -15"><span class='ocrx_word' id='word_1_210' title='bbox 234 1671 374 1724; x_wconf 83' lang='lat' dir='ltr'><em>frater</em></span> <span class='ocrx_word' id='word_1_211' title='bbox 403 1671 493 1712; x_wconf 90' lang='lat' dir='ltr'><em>eius</em></span> <span class='ocrx_word' id='word_1_212' title='bbox 521 1672 596 1724; x_wconf 81' lang='lat' dir='ltr'><em>qui</em></span> <span class='ocrx_word' id='word_1_213' title='bbox 615 1671 849 1726; x_wconf 83' lang='lat' dir='ltr'><em>praecedit.</em></span> <span class='ocrx_word' id='word_1_214' title='bbox 911 1671 1052 1714; x_wconf 88' lang='lat' dir='ltr'><em>Tribu</em></span> <span class='ocrx_word' id='word_1_215' title='bbox 1081 1670 1219 1714; x_wconf 86' lang='lat' dir='ltr'><em>Fabia</em></span> <span class='ocrx_word' id='word_1_216' title='bbox 1250 1675 1279 1714; x_wconf 90' lang='lat' dir='ltr'><em>t.</em></span> <span class='ocrx_word' id='word_1_217' title='bbox 1307 1675 1346 1714; x_wconf 87' lang='lat'><em>3.</em></span> <span class='ocrx_word' id='word_1_218' title='bbox 1374 1675 1414 1714; x_wconf 91' lang='lat'><em>4.</em></span> <span class='ocrx_word' id='word_1_219' title='bbox 1476 1670 1754 1714; x_wconf 82' lang='lat' dir='ltr'><em>Clarissimus</em></span> <span class='ocrx_word' id='word_1_220' title='bbox 1794 1667 1965 1710; x_wconf 88' lang='lat' dir='ltr'><em>iuvenis</em></span> 
     </span>
     <span class='ocr_line' id='line_1_23' title="bbox 236 1738 1964 1794; baseline -0.002 -13"><span class='ocrx_word' id='word_1_221' title='bbox 236 1742 264 1781; x_wconf 91' lang='lat' dir='ltr'><em>t.</em></span> <span class='ocrx_word' id='word_1_222' title='bbox 285 1743 324 1783; x_wconf 92' lang='lat'><em>1.</em></span> <span class='ocrx_word' id='word_1_223' title='bbox 345 1744 390 1784; x_wconf 91' lang='grc'><em>2.</em></span> <span class='ocrx_word' id='word_1_224' title='bbox 410 1744 450 1783; x_wconf 88' lang='grc'><em>3.</em></span> <span class='ocrx_word' id='word_1_225' title='bbox 493 1740 824 1794; x_wconf 76' lang='lat' dir='ltr'><em>Quindecimvir</em></span> <span class='ocrx_word' id='word_1_226' title='bbox 844 1741 978 1782; x_wconf 84' lang='lat' dir='ltr'><em>saeris</em></span> <span class='ocrx_word' id='word_1_227' title='bbox 999 1740 1214 1783; x_wconf 86' lang='lat' dir='ltr'><em>faciundis</em></span> <span class='ocrx_word' id='word_1_228' title='bbox 1237 1744 1265 1783; x_wconf 92' lang='lat' dir='ltr'><em>t.</em></span> <span class='ocrx_word' id='word_1_229' title='bbox 1285 1743 1325 1783; x_wconf 86' lang='lat'><em>3.</em></span> <span class='ocrx_word' id='word_1_230' title='bbox 1346 1744 1385 1783; x_wconf 90' lang='lat'><em>4.</em></span> <span class='ocrx_word' id='word_1_231' title='bbox 1427 1739 1704 1783; x_wconf 82' lang='lat' dir='ltr'><em>Clarissimus</em></span> <span class='ocrx_word' id='word_1_232' title='bbox 1725 1738 1796 1779; x_wconf 87' lang='lat' dir='ltr'><em>vir</em></span> <span class='ocrx_word' id='word_1_233' title='bbox 1817 1740 1844 1780; x_wconf 91' lang='lat' dir='ltr'><em>t.</em></span> <span class='ocrx_word' id='word_1_234' title='bbox 1865 1740 1904 1778; x_wconf 88' lang='lat'><em>4.</em></span> <span class='ocrx_word' id='word_1_235' title='bbox 1926 1738 1964 1778; x_wconf 89' lang='lat'><em>5.</em></span> 
     </span>
     <span class='ocr_line' id='line_1_24' title="bbox 236 1805 1968 1865; baseline -0.003 -15"><span class='ocrx_word' id='word_1_236' title='bbox 236 1807 452 1861; x_wconf 76' lang='lat' dir='ltr'><em>Quaestor</em></span> <span class='ocrx_word' id='word_1_237' title='bbox 472 1808 741 1863; x_wconf 79' lang='lat' dir='ltr'><em>candidatus,</em></span> <span class='ocrx_word' id='word_1_238' title='bbox 759 1815 934 1865; x_wconf 89' lang='lat' dir='ltr'><em>praetor</em></span> <span class='ocrx_word' id='word_1_239' title='bbox 951 1808 1140 1851; x_wconf 87' lang='lat' dir='ltr'><em>urba-nus</em></span> <span class='ocrx_word' id='word_1_240' title='bbox 1156 1809 1324 1864; x_wconf 90' lang='lat' dir='ltr'><em>(omisso</em></span> <span class='ocrx_word' id='word_1_241' title='bbox 1346 1809 1579 1858; x_wconf 80' lang='lat' dir='ltr'><em>tribunatu,</em></span> <span class='ocrx_word' id='word_1_242' title='bbox 1596 1810 1739 1861; x_wconf 91' lang='lat' dir='ltr'><em>utpote</em></span> <span class='ocrx_word' id='word_1_243' title='bbox 1751 1805 1968 1860; x_wconf 89' lang='lat' dir='ltr'><em>patricius</em></span> 
     </span>
     <span class='ocr_line' id='line_1_25' title="bbox 230 1877 1967 1934; baseline -0.003 -15"><span class='ocrx_word' id='word_1_244' title='bbox 230 1880 358 1933; x_wconf 89' lang='lat' dir='ltr'><em>puto)</em></span> <span class='ocrx_word' id='word_1_245' title='bbox 368 1891 382 1929; x_wconf 90' lang='lat'><em>;</em></span> <span class='ocrx_word' id='word_1_246' title='bbox 420 1884 594 1920; x_wconf 86' lang='lat' dir='ltr'><em>curator</em></span> <span class='ocrx_word' id='word_1_247' title='bbox 623 1878 687 1919; x_wconf 91' lang='lat' dir='ltr'><em>rei</em></span> <span class='ocrx_word' id='word_1_248' title='bbox 718 1877 918 1934; x_wconf 81' lang='lat' dir='ltr'><em>publicae</em></span> <span class='ocrx_word' id='word_1_249' title='bbox 948 1877 1330 1920; x_wconf 85' lang='lat' dir='ltr'><em>Nicomedensium</em></span> <span class='ocrx_word' id='word_1_250' title='bbox 1360 1884 1404 1920; x_wconf 87' lang='lat' dir='ltr'><em>et</em></span> <span class='ocrx_word' id='word_1_251' title='bbox 1432 1877 1758 1929; x_wconf 86' lang='lat' dir='ltr'><em>Nicaeensium,</em></span> <span class='ocrx_word' id='word_1_252' title='bbox 1792 1879 1967 1916; x_wconf 81' lang='lat' dir='ltr'><em>curator</em></span> 
     </span>
     <span class='ocr_line' id='line_1_26' title="bbox 234 1942 1968 2003; baseline -0.003 -15"><span class='ocrx_word' id='word_1_253' title='bbox 234 1947 332 1988; x_wconf 84' lang='lat' dir='ltr'><em>viae</em></span> <span class='ocrx_word' id='word_1_254' title='bbox 346 1947 529 2003; x_wconf 83' lang='lat' dir='ltr'><em>Appiae,</em></span> <span class='ocrx_word' id='word_1_255' title='bbox 553 1946 762 1989; x_wconf 85' lang='lat' dir='ltr'><em>iuridieus</em></span> <span class='ocrx_word' id='word_1_256' title='bbox 784 1947 972 2001; x_wconf 89' lang='lat' dir='ltr'><em>regionis</em></span> <span class='ocrx_word' id='word_1_257' title='bbox 989 1946 1328 2003; x_wconf 86' lang='lat' dir='ltr'><em>Transpadanae</em></span> <span class='ocrx_word' id='word_1_258' title='bbox 1350 1950 1377 1990; x_wconf 81' lang='lat' dir='ltr'><em>t.</em></span> <span class='ocrx_word' id='word_1_259' title='bbox 1392 1949 1431 1990; x_wconf 79' lang='lat'><em>4.</em></span> <span class='ocrx_word' id='word_1_260' title='bbox 1461 1944 1738 1988; x_wconf 84' lang='lat' dir='ltr'><em>Consulatum</em></span> <span class='ocrx_word' id='word_1_261' title='bbox 1759 1944 1799 1986; x_wconf 90' lang='lat' dir='ltr'><em>ei</em></span> <span class='ocrx_word' id='word_1_262' title='bbox 1818 1942 1968 1984; x_wconf 83' lang='lat' dir='ltr'><em>tribuit</em></span> 
     </span>
     <span class='ocr_line' id='line_1_27' title="bbox 233 2010 1966 2071; baseline -0.003 -14"><span class='ocrx_word' id='word_1_263' title='bbox 233 2015 349 2058; x_wconf 87' lang='lat' dir='ltr'><em>solus</em></span> <span class='ocrx_word' id='word_1_264' title='bbox 378 2014 527 2058; x_wconf 89' lang='lat' dir='ltr'><em>titulus</em></span> <span class='ocrx_word' id='word_1_265' title='bbox 554 2015 694 2069; x_wconf 82' lang='lat' dir='ltr'><em>falsus</em></span> <span class='ocrx_word' id='word_1_266' title='bbox 723 2014 887 2058; x_wconf 84' lang='lat' dir='ltr'><strong><em>V579*</em></strong></span> <span class='ocrx_word' id='word_1_267' title='bbox 918 2015 991 2068; x_wconf 79' lang='lat'><em>(-—-</em></span> <span class='ocrx_word' id='word_1_268' title='bbox 1019 2014 1147 2058; x_wconf 88' lang='lat' dir='ltr'><em>Orell.</em></span> <span class='ocrx_word' id='word_1_269' title='bbox 1180 2018 1303 2071; x_wconf 87' lang='lat'><strong><em>916),·</em></strong></span> <span class='ocrx_word' id='word_1_270' title='bbox 1335 2015 1410 2058; x_wconf 78' lang='lat' dir='ltr'><em>secl</em></span> <span class='ocrx_word' id='word_1_271' title='bbox 1437 2014 1548 2057; x_wconf 82' lang='lat' dir='ltr'><em>nihil</em></span> <span class='ocrx_word' id='word_1_272' title='bbox 1578 2014 1718 2056; x_wconf 88' lang='lat' dir='ltr'><em>obstat</em></span> <span class='ocrx_word' id='word_1_273' title='bbox 1745 2010 1966 2066; x_wconf 75' lang='lat' dir='ltr'><em>quominus</em></span> 
     </span>
     <span class='ocr_line' id='line_1_28' title="bbox 234 2079 1964 2139; baseline -0.003 -13"><span class='ocrx_word' id='word_1_274' title='bbox 234 2097 449 2126; x_wconf 89' lang='lat' dir='ltr'><em>sumamus</em></span> <span class='ocrx_word' id='word_1_275' title='bbox 488 2084 598 2139; x_wconf 85' lang='lat' dir='ltr'><em>(cum</em></span> <span class='ocrx_word' id='word_1_276' title='bbox 627 2083 862 2139; x_wconf 74' lang='lat' dir='ltr'><em>Boryhesio</em></span> <span class='ocrx_word' id='word_1_277' title='bbox 904 2099 997 2138; x_wconf 88' lang='lat' dir='ltr'><strong><em>opp.</em></strong></span> <span class='ocrx_word' id='word_1_278' title='bbox 1030 2088 1056 2126; x_wconf 89' lang='lat'><em>6</em></span> <span class='ocrx_word' id='word_1_279' title='bbox 1077 2099 1126 2138; x_wconf 90' lang='lat' dir='ltr'><em>p.</em></span> <span class='ocrx_word' id='word_1_280' title='bbox 1152 2087 1236 2139; x_wconf 85' lang='lat'><strong><em>65),</em></strong></span> <span class='ocrx_word' id='word_1_281' title='bbox 1280 2098 1373 2126; x_wconf 92' lang='lat' dir='ltr'><em>eum</em></span> <span class='ocrx_word' id='word_1_282' title='bbox 1410 2097 1495 2126; x_wconf 93' lang='lat' dir='ltr'><em>non</em></span> <span class='ocrx_word' id='word_1_283' title='bbox 1535 2096 1620 2125; x_wconf 93' lang='lat' dir='ltr'><em>esse</em></span> <span class='ocrx_word' id='word_1_284' title='bbox 1662 2081 1870 2124; x_wconf 79' lang='lat' dir='ltr'><em>diversum</em></span> <span class='ocrx_word' id='word_1_285' title='bbox 1911 2079 1964 2120; x_wconf 90' lang='lat' dir='ltr'><em>ab</em></span> 
     </span>
     <span class='ocr_line' id='line_1_29' title="bbox 234 2147 1964 2207; baseline -0.004 -12"><span class='ocrx_word' id='word_1_286' title='bbox 234 2152 356 2207; x_wconf 86' lang='lat' dir='ltr'><em>Apro</em></span> <span class='ocrx_word' id='word_1_287' title='bbox 396 2153 563 2195; x_wconf 89' lang='lat' dir='ltr'><em>consule</em></span> <span class='ocrx_word' id='word_1_288' title='bbox 602 2152 823 2195; x_wconf 83' lang='lat' dir='ltr'><em>ordinario</em></span> <span class='ocrx_word' id='word_1_289' title='bbox 860 2167 972 2195; x_wconf 92' lang='lat' dir='ltr'><em>anno</em></span> <span class='ocrx_word' id='word_1_290' title='bbox 1011 2156 1103 2196; x_wconf 91' lang='grc'><em>207</em></span> <span class='ocrx_word' id='word_1_291' title='bbox 1138 2167 1231 2195; x_wconf 89' lang='lat' dir='ltr'><em>cum</em></span> <span class='ocrx_word' id='word_1_292' title='bbox 1268 2153 1479 2197; x_wconf 77' lang='lat' dir='ltr'><em>Maximo,</em></span> <span class='ocrx_word' id='word_1_293' title='bbox 1540 2152 1755 2194; x_wconf 87' lang='lat' dir='ltr'><em>Patronus</em></span> <span class='ocrx_word' id='word_1_294' title='bbox 1796 2147 1964 2202; x_wconf 85' lang='lat' dir='ltr'><em>collegii</em></span> 
     </span>
     <span class='ocr_line' id='line_1_30' title="bbox 235 2219 1731 2277; baseline -0.001 -14"><span class='ocrx_word' id='word_1_295' title='bbox 235 2220 587 2277; x_wconf 87' lang='lat' dir='ltr'><em>dendrophorum</em></span> <span class='ocrx_word' id='word_1_296' title='bbox 617 2222 795 2263; x_wconf 85' lang='lat' dir='ltr'><em>Brixiae</em></span> <span class='ocrx_word' id='word_1_297' title='bbox 824 2225 852 2264; x_wconf 87' lang='lat' dir='ltr'><em>t.</em></span> <span class='ocrx_word' id='word_1_298' title='bbox 874 2225 912 2265; x_wconf 89' lang='lat'><em>4.</em></span> <span class='ocrx_word' id='word_1_299' title='bbox 944 2246 1001 2251; x_wconf 97' lang='lat'><strong>—</strong></span> <span class='ocrx_word' id='word_1_300' title='bbox 1028 2222 1155 2265; x_wconf 86' lang='lat' dir='ltr'><em>Uxor</em></span> <span class='ocrx_word' id='word_1_301' title='bbox 1185 2221 1413 2275; x_wconf 79' lang='lat' dir='ltr'><em>(Roseia?)</em></span> <span class='ocrx_word' id='word_1_302' title='bbox 1445 2219 1608 2263; x_wconf 82' lang='lat' dir='ltr'><em>Pacula</em></span> <span class='ocrx_word' id='word_1_303' title='bbox 1638 2222 1664 2263; x_wconf 91' lang='lat' dir='ltr'><em>t.</em></span> <span class='ocrx_word' id='word_1_304' title='bbox 1692 2221 1731 2262; x_wconf 87' lang='lat'><strong><em>5.</em></strong></span> 
     </span>
    </p>

    <p class='ocr_par' dir='ltr' id='par_1_6' title="bbox 147 2285 1968 2758">
     <span class='ocr_line' id='line_1_31' title="bbox 147 2285 1965 2347; baseline -0.003 -15"><span class='ocrx_word' id='word_1_305' title='bbox 147 2290 203 2332; x_wconf 87' lang='lat'><em>93</em></span> <span class='ocrx_word' id='word_1_306' title='bbox 233 2296 278 2332; x_wconf 91' lang='lat' dir='ltr'><strong><em>L.</em></strong></span> <span class='ocrx_word' id='word_1_307' title='bbox 311 2296 497 2332; x_wconf 84' lang='lat' dir='ltr'><strong>NONIVS</strong></span> <span class='ocrx_word' id='word_1_308' title='bbox 527 2296 786 2332; x_wconf 87' lang='lat' dir='ltr'><strong>ASPRENAS</strong></span> <span class='ocrx_word' id='word_1_309' title='bbox 818 2305 904 2333; x_wconf 80' lang='lat' dir='ltr'><em>eos,</em></span> <span class='ocrx_word' id='word_1_310' title='bbox 936 2305 974 2332; x_wconf 87' lang='lat' dir='ltr'><em>a.</em></span> <span class='ocrx_word' id='word_1_311' title='bbox 1007 2306 1049 2347; x_wconf 85' lang='lat' dir='ltr'><em>p.</em></span> <span class='ocrx_word' id='word_1_312' title='bbox 1081 2290 1129 2334; x_wconf 94' lang='lat' dir='ltr'><em>C.</em></span> <span class='ocrx_word' id='word_1_313' title='bbox 1160 2291 1200 2333; x_wconf 88' lang='lat'><em>6.</em></span> <span class='ocrx_word' id='word_1_314' title='bbox 1265 2290 1400 2332; x_wconf 80' lang='lat' dir='ltr'><em>Tituli</em></span> <span class='ocrx_word' id='word_1_315' title='bbox 1428 2289 1637 2343; x_wconf 77' lang='lat' dir='ltr'><em>Africani</em></span> <span class='ocrx_word' id='word_1_316' title='bbox 1666 2286 1804 2342; x_wconf 88' lang='lat' dir='ltr'><em>positi</em></span> <span class='ocrx_word' id='word_1_317' title='bbox 1833 2285 1887 2328; x_wconf 93' lang='lat' dir='ltr'><em>ab</em></span> <span class='ocrx_word' id='word_1_318' title='bbox 1919 2299 1965 2327; x_wconf 93' lang='lat' dir='ltr'><em>eo</em></span> 
     </span>
     <span class='ocr_line' id='line_1_32' title="bbox 231 2354 1968 2414; baseline -0.003 -14"><span class='ocrx_word' id='word_1_319' title='bbox 231 2359 278 2400; x_wconf 89' lang='lat' dir='ltr'><em>in</em></span> <span class='ocrx_word' id='word_1_320' title='bbox 307 2358 630 2412; x_wconf 79' lang='lat' dir='ltr'><em>proconsulatu,</em></span> <span class='ocrx_word' id='word_1_321' title='bbox 663 2357 787 2401; x_wconf 90' lang='lat' dir='ltr'><strong><em>VIII</em></strong></span> <span class='ocrx_word' id='word_1_322' title='bbox 807 2362 946 2401; x_wconf 91' lang='grc'><em>10018</em></span> <span class='ocrx_word' id='word_1_323' title='bbox 977 2358 1051 2414; x_wconf 93' lang='grc'><em>(1).</em></span> <span class='ocrx_word' id='word_1_324' title='bbox 1092 2361 1228 2402; x_wconf 87' lang='grc'><em>10023</em></span> <span class='ocrx_word' id='word_1_325' title='bbox 1258 2358 1333 2414; x_wconf 92' lang='grc'><em>(2).</em></span> <span class='ocrx_word' id='word_1_326' title='bbox 1378 2361 1491 2402; x_wconf 85' lang='grc'><em>5205</em></span> <span class='ocrx_word' id='word_1_327' title='bbox 1527 2357 1608 2412; x_wconf 87' lang='grc'><em>(3),·</em></span> <span class='ocrx_word' id='word_1_328' title='bbox 1654 2356 1770 2410; x_wconf 81' lang='lat' dir='ltr'><em>cippi</em></span> <span class='ocrx_word' id='word_1_329' title='bbox 1806 2354 1968 2396; x_wconf 86' lang='lat' dir='ltr'><em>urbani</em></span> 
     </span>
     <span class='ocr_line' id='line_1_33' title="bbox 231 2421 1963 2482; baseline -0.002 -13"><span class='ocrx_word' id='word_1_330' title='bbox 231 2427 368 2481; x_wconf 87' lang='lat' dir='ltr'><em>positi</em></span> <span class='ocrx_word' id='word_1_331' title='bbox 397 2441 490 2470; x_wconf 84' lang='lat' dir='ltr'><em>cwm</em></span> <span class='ocrx_word' id='word_1_332' title='bbox 520 2430 625 2470; x_wconf 87' lang='lat' dir='ltr'><em>esset</em></span> <span class='ocrx_word' id='word_1_333' title='bbox 653 2429 827 2470; x_wconf 86' lang='lat' dir='ltr'><em>curator</em></span> <span class='ocrx_word' id='word_1_334' title='bbox 857 2427 1042 2470; x_wconf 89' lang='lat' dir='ltr'><em>locorum</em></span> <span class='ocrx_word' id='word_1_335' title='bbox 1064 2427 1349 2482; x_wconf 88' lang='lat' dir='ltr'><em>publicorum,</em></span> <span class='ocrx_word' id='word_1_336' title='bbox 1383 2427 1452 2470; x_wconf 96' lang='lat' dir='ltr'><em>VI</em></span> <span class='ocrx_word' id='word_1_337' title='bbox 1473 2429 1588 2470; x_wconf 90' lang='grc'><em>1267</em></span> <span class='ocrx_word' id='word_1_338' title='bbox 1598 2440 1635 2470; x_wconf 88' lang='lat' dir='ltr'><em>a.</em></span> <span class='ocrx_word' id='word_1_339' title='bbox 1651 2426 1674 2467; x_wconf 92' lang='lat' dir='ltr'><em>b</em></span> <span class='ocrx_word' id='word_1_340' title='bbox 1705 2425 1763 2480; x_wconf 90' lang='lat'><em>(4)</em></span> <span class='ocrx_word' id='word_1_341' title='bbox 1795 2426 1834 2466; x_wconf 88' lang='lat' dir='ltr'><em>et</em></span> <span class='ocrx_word' id='word_1_342' title='bbox 1864 2421 1963 2466; x_wconf 91' lang='lat' dir='ltr'><em>bull.</em></span> 
     </span>
     <span class='ocr_line' id='line_1_34' title="bbox 234 2492 1966 2552; baseline -0.003 -14"><span class='ocrx_word' id='word_1_343' title='bbox 234 2496 451 2538; x_wconf 85' lang='lat' dir='ltr'><em>comunale</em></span> <span class='ocrx_word' id='word_1_344' title='bbox 481 2498 590 2538; x_wconf 90' lang='grc'><em>1886</em></span> <span class='ocrx_word' id='word_1_345' title='bbox 611 2511 658 2550; x_wconf 87' lang='lat' dir='ltr'><strong><em>p.</em></strong></span> <span class='ocrx_word' id='word_1_346' title='bbox 678 2499 768 2539; x_wconf 87' lang='grc'><em>277</em></span> <span class='ocrx_word' id='word_1_347' title='bbox 798 2496 871 2552; x_wconf 88' lang='grc'><em>(5).</em></span> <span class='ocrx_word' id='word_1_348' title='bbox 931 2495 1030 2539; x_wconf 88' lang='lat' dir='ltr'><em>Ara</em></span> <span class='ocrx_word' id='word_1_349' title='bbox 1061 2497 1209 2551; x_wconf 89' lang='lat' dir='ltr'><em>posita</em></span> <span class='ocrx_word' id='word_1_350' title='bbox 1249 2497 1302 2538; x_wconf 94' lang='lat' dir='ltr'><em>ab</em></span> <span class='ocrx_word' id='word_1_351' title='bbox 1340 2511 1386 2538; x_wconf 91' lang='lat' dir='ltr'><em>eo</em></span> <span class='ocrx_word' id='word_1_352' title='bbox 1414 2495 1641 2538; x_wconf 85' lang='lat' dir='ltr'><em>memoriae</em></span> <span class='ocrx_word' id='word_1_353' title='bbox 1671 2493 1801 2535; x_wconf 87' lang='lat' dir='ltr'><em>amici</em></span> <span class='ocrx_word' id='word_1_354' title='bbox 1829 2492 1966 2534; x_wconf 89' lang='lat' dir='ltr'><em>cuius-</em></span> 
     </span>
     <span class='ocr_line' id='line_1_35' title="bbox 235 2560 1965 2620; baseline -0.003 -14"><span class='ocrx_word' id='word_1_355' title='bbox 235 2564 334 2606; x_wconf 83' lang='lat' dir='ltr'><em>dam</em></span> <span class='ocrx_word' id='word_1_356' title='bbox 375 2564 445 2607; x_wconf 95' lang='lat' dir='ltr'><em>VI</em></span> <span class='ocrx_word' id='word_1_357' title='bbox 465 2567 594 2615; x_wconf 91' lang='grc'><em>2156,</em></span> <span class='ocrx_word' id='word_1_358' title='bbox 635 2579 737 2606; x_wconf 90' lang='lat' dir='ltr'><em>nam</em></span> <span class='ocrx_word' id='word_1_359' title='bbox 776 2578 869 2606; x_wconf 89' lang='lat' dir='ltr'><em>eum</em></span> <span class='ocrx_word' id='word_1_360' title='bbox 908 2578 1014 2615; x_wconf 88' lang='lat' dir='ltr'><em>esse,</em></span> <span class='ocrx_word' id='word_1_361' title='bbox 1052 2579 1138 2607; x_wconf 91' lang='lat' dir='ltr'><em>non</em></span> <span class='ocrx_word' id='word_1_362' title='bbox 1178 2565 1315 2620; x_wconf 72' lang='lat' dir='ltr'><em>filium</em></span> <span class='ocrx_word' id='word_1_363' title='bbox 1356 2564 1536 2607; x_wconf 76' lang='lat' dir='ltr'><em>ostendit</em></span> <span class='ocrx_word' id='word_1_364' title='bbox 1571 2562 1853 2605; x_wconf 78' lang='lat' dir='ltr'><em>sacerdotium</em></span> <span class='ocrx_word' id='word_1_365' title='bbox 1892 2560 1965 2615; x_wconf 89' lang='lat'><strong><em>(6).</em></strong></span> 
     </span>
     <span class='ocr_line' id='line_1_36' title="bbox 233 2631 1968 2688; baseline -0.003 -14"><span class='ocrx_word' id='word_1_366' title='bbox 233 2632 325 2674; x_wconf 86' lang='lat' dir='ltr'><em>Aut</em></span> <span class='ocrx_word' id='word_1_367' title='bbox 353 2634 443 2676; x_wconf 88' lang='lat' dir='ltr'><em>eius</em></span> <span class='ocrx_word' id='word_1_368' title='bbox 473 2636 548 2675; x_wconf 87' lang='lat' dir='ltr'><em>aut</em></span> <span class='ocrx_word' id='word_1_369' title='bbox 576 2633 661 2688; x_wconf 75' lang='lat' dir='ltr'><em>filii</em></span> <span class='ocrx_word' id='word_1_370' title='bbox 681 2633 828 2675; x_wconf 89' lang='lat' dir='ltr'><em>titulus</em></span> <span class='ocrx_word' id='word_1_371' title='bbox 859 2633 1061 2676; x_wconf 88' lang='lat' dir='ltr'><em>Veliensis</em></span> <span class='ocrx_word' id='word_1_372' title='bbox 1084 2633 1133 2675; x_wconf 95' lang='lat' dir='ltr'><strong><em>X</em></strong></span> <span class='ocrx_word' id='word_1_373' title='bbox 1148 2634 1300 2676; x_wconf 72' lang='grc'><em>83426</em></span> <span class='ocrx_word' id='word_1_374' title='bbox 1323 2632 1398 2688; x_wconf 91' lang='grc'><em>(7).</em></span> <span class='ocrx_word' id='word_1_375' title='bbox 1446 2633 1719 2675; x_wconf 80' lang='lat' dir='ltr'><em>Memoratur</em></span> <span class='ocrx_word' id='word_1_376' title='bbox 1739 2631 1968 2685; x_wconf 87' lang='lat' dir='ltr'><em>praeterea</em></span> 
     </span>
     <span class='ocr_line' id='line_1_37' title="bbox 234 2701 942 2758; baseline 0.001 -16"><span class='ocrx_word' id='word_1_377' title='bbox 234 2701 280 2743; x_wconf 87' lang='lat' dir='ltr'><em>in</em></span> <span class='ocrx_word' id='word_1_378' title='bbox 311 2702 432 2744; x_wconf 87' lang='lat' dir='ltr'><em>titulo</em></span> <span class='ocrx_word' id='word_1_379' title='bbox 459 2702 610 2744; x_wconf 79' lang='lat' dir='ltr'><em>uxoris</em></span> <span class='ocrx_word' id='word_1_380' title='bbox 641 2701 708 2744; x_wconf 94' lang='lat' dir='ltr'><em>VI</em></span> <span class='ocrx_word' id='word_1_381' title='bbox 730 2704 837 2744; x_wconf 90' lang='lat'><strong><em>1371</em></strong></span> <span class='ocrx_word' id='word_1_382' title='bbox 867 2702 942 2758; x_wconf 91' lang='grc'><em>(8).</em></span> 
     </span>
    </p>

    <p class='ocr_par' dir='ltr' id='par_1_7' title="bbox 237 2768 1968 3101">
     <span class='ocr_line' id='line_1_38' title="bbox 320 2768 1966 2827; baseline -0.003 -15"><span class='ocrx_word' id='word_1_383' title='bbox 320 2770 372 2814; x_wconf 91' lang='lat' dir='ltr'><em>L.</em></span> <span class='ocrx_word' id='word_1_384' title='bbox 403 2771 570 2812; x_wconf 89' lang='lat' dir='ltr'><em>Nonius</em></span> <span class='ocrx_word' id='word_1_385' title='bbox 600 2771 822 2827; x_wconf 84' lang='lat' dir='ltr'><em>Asprenas</em></span> <span class='ocrx_word' id='word_1_386' title='bbox 854 2773 881 2814; x_wconf 93' lang='lat' dir='ltr'><em>t.</em></span> <span class='ocrx_word' id='word_1_387' title='bbox 904 2774 942 2812; x_wconf 90' lang='lat'><em>6.</em></span> <span class='ocrx_word' id='word_1_388' title='bbox 966 2774 1003 2821; x_wconf 87' lang='lat'><em>7,</em></span> <span class='ocrx_word' id='word_1_389' title='bbox 1036 2770 1086 2812; x_wconf 87' lang='lat' dir='ltr'><em>L.</em></span> <span class='ocrx_word' id='word_1_390' title='bbox 1109 2769 1330 2826; x_wconf 87' lang='lat' dir='ltr'><em>Asprenas</em></span> <span class='ocrx_word' id='word_1_391' title='bbox 1362 2774 1389 2814; x_wconf 89' lang='lat' dir='ltr'><em>t.</em></span> <span class='ocrx_word' id='word_1_392' title='bbox 1413 2774 1449 2814; x_wconf 90' lang='lat'><em>1.</em></span> <span class='ocrx_word' id='word_1_393' title='bbox 1470 2774 1508 2812; x_wconf 86' lang='lat'><em>3.</em></span> <span class='ocrx_word' id='word_1_394' title='bbox 1530 2773 1569 2813; x_wconf 88' lang='lat'><em>4.</em></span> <span class='ocrx_word' id='word_1_395' title='bbox 1590 2771 1639 2820; x_wconf 91' lang='lat'><strong><em>5‚·</em></strong></span> <span class='ocrx_word' id='word_1_396' title='bbox 1670 2768 1770 2812; x_wconf 89' lang='lat' dir='ltr'><em>Vell.</em></span> <span class='ocrx_word' id='word_1_397' title='bbox 1793 2770 1835 2817; x_wconf 90' lang='grc'><em>2,</em></span> <span class='ocrx_word' id='word_1_398' title='bbox 1858 2769 1966 2820; x_wconf 84' lang='grc'><em>120,-</em></span> 
     </span>
     <span class='ocr_line' id='line_1_39' title="bbox 243 2837 1966 2895; baseline -0.002 -16"><span class='ocrx_word' id='word_1_399' title='bbox 243 2838 340 2882; x_wconf 85' lang='lat' dir='ltr'><strong><em>Tac.</em></strong></span> <span class='ocrx_word' id='word_1_400' title='bbox 372 2853 412 2880; x_wconf 92' lang='lat' dir='ltr'><em>a.</em></span> <span class='ocrx_word' id='word_1_401' title='bbox 443 2842 482 2890; x_wconf 91' lang='lat'><strong><em>1,</em></strong></span> <span class='ocrx_word' id='word_1_402' title='bbox 503 2842 568 2882; x_wconf 85' lang='lat'><em>53.</em></span> <span class='ocrx_word' id='word_1_403' title='bbox 599 2842 638 2889; x_wconf 88' lang='lat'><strong><em>3,</em></strong></span> <span class='ocrx_word' id='word_1_404' title='bbox 659 2841 726 2889; x_wconf 90' lang='grc'><em>18,</em></span> <span class='ocrx_word' id='word_1_405' title='bbox 759 2838 980 2895; x_wconf 82' lang='lat' dir='ltr'><em>Asprenas</em></span> <span class='ocrx_word' id='word_1_406' title='bbox 1010 2839 1179 2881; x_wconf 87' lang='lat' dir='ltr'><em>Nonius</em></span> <span class='ocrx_word' id='word_1_407' title='bbox 1211 2839 1328 2882; x_wconf 82' lang='lat' dir='ltr'><em>Suet.</em></span> <span class='ocrx_word' id='word_1_408' title='bbox 1362 2839 1475 2895; x_wconf 74' lang='lat' dir='ltr'><strong><em>Auy.</em></strong></span> <span class='ocrx_word' id='word_1_409' title='bbox 1506 2842 1572 2889; x_wconf 87' lang='lat'><em>56,</em></span> <span class='ocrx_word' id='word_1_410' title='bbox 1605 2838 1827 2893; x_wconf 87' lang='lat' dir='ltr'><em>Asprenas</em></span> <span class='ocrx_word' id='word_1_411' title='bbox 1859 2839 1886 2877; x_wconf 89' lang='lat' dir='ltr'><em>t.</em></span> <span class='ocrx_word' id='word_1_412' title='bbox 1913 2837 1966 2885; x_wconf 89' lang='grc'><em>2;</em></span> 
     </span>
     <span class='ocr_line' id='line_1_40' title="bbox 238 2905 1968 2960; baseline -0.001 -13"><span class='ocrx_word' id='word_1_413' title='bbox 238 2906 358 2949; x_wconf 90' lang='lat' dir='ltr'><em>Plin.</em></span> <span class='ocrx_word' id='word_1_414' title='bbox 391 2907 431 2951; x_wconf 81' lang='lat' dir='ltr'><em>h.</em></span> <span class='ocrx_word' id='word_1_415' title='bbox 459 2922 498 2950; x_wconf 89' lang='lat' dir='ltr'><em>n.</em></span> <span class='ocrx_word' id='word_1_416' title='bbox 533 2909 599 2958; x_wconf 88' lang='lat'><em>35,</em></span> <span class='ocrx_word' id='word_1_417' title='bbox 630 2910 734 2959; x_wconf 89' lang='lat'><strong><em>164;</em></strong></span> <span class='ocrx_word' id='word_1_418' title='bbox 779 2907 1072 2960; x_wconf 72' lang='lat' dir='ltr'><em>Quintilianus</em></span> <span class='ocrx_word' id='word_1_419' title='bbox 1103 2911 1170 2958; x_wconf 91' lang='lat'><strong><em>10,</em></strong></span> <span class='ocrx_word' id='word_1_420' title='bbox 1202 2911 1248 2958; x_wconf 91' lang='lat'><strong><em>1,</em></strong></span> <span class='ocrx_word' id='word_1_421' title='bbox 1281 2911 1356 2951; x_wconf 91' lang='grc'><em>22.</em></span> <span class='ocrx_word' id='word_1_422' title='bbox 1397 2911 1462 2958; x_wconf 89' lang='grc'><em>11,</em></span> <span class='ocrx_word' id='word_1_423' title='bbox 1497 2911 1534 2958; x_wconf 87' lang='grc'><em>1,</em></span> <span class='ocrx_word' id='word_1_424' title='bbox 1568 2910 1626 2950; x_wconf 91' lang='lat'><strong><em>57</em></strong></span> <span class='ocrx_word' id='word_1_425' title='bbox 1634 2921 1646 2958; x_wconf 86' lang='lat'><strong><em>,·</em></strong></span> <span class='ocrx_word' id='word_1_426' title='bbox 1684 2905 1771 2948; x_wconf 89' lang='lat' dir='ltr'><em>Dio</em></span> <span class='ocrx_word' id='word_1_427' title='bbox 1801 2908 1874 2954; x_wconf 88' lang='lat'><em>56,</em></span> <span class='ocrx_word' id='word_1_428' title='bbox 1906 2907 1968 2946; x_wconf 84' lang='grc'><em>22</em></span> 
     </span>
     <span class='ocr_line' id='line_1_41' title="bbox 238 2973 1966 3032; baseline -0.001 -17"><span class='ocrx_word' id='word_1_429' title='bbox 238 2974 443 3030; x_wconf 88' lang='lat' dir='ltr'><em>(Aspern-</em></span> <span class='ocrx_word' id='word_1_430' title='bbox 464 2990 551 3029; x_wconf 87' lang='lat' dir='ltr'><em>pro</em></span> <span class='ocrx_word' id='word_1_431' title='bbox 581 2976 768 3032; x_wconf 87' lang='lat' dir='ltr'><em>Aspren-</em></span> <span class='ocrx_word' id='word_1_432' title='bbox 800 2976 998 3018; x_wconf 87' lang='lat' dir='ltr'><em>nonnulli</em></span> <span class='ocrx_word' id='word_1_433' title='bbox 1027 2976 1187 3019; x_wconf 78' lang='lat' dir='ltr'><em>codices</em></span> <span class='ocrx_word' id='word_1_434' title='bbox 1211 2976 1356 3019; x_wconf 87' lang='lat' dir='ltr'><em>Plinii</em></span> <span class='ocrx_word' id='word_1_435' title='bbox 1384 2980 1423 3018; x_wconf 92' lang='lat' dir='ltr'><em>et</em></span> <span class='ocrx_word' id='word_1_436' title='bbox 1450 2976 1739 3030; x_wconf 72' lang='lat' dir='ltr'><em>Quintiliani).</em></span> <span class='ocrx_word' id='word_1_437' title='bbox 1786 2973 1842 3015; x_wconf 87' lang='lat' dir='ltr'><em>In</em></span> <span class='ocrx_word' id='word_1_438' title='bbox 1871 2987 1966 3014; x_wconf 84' lang='lat' dir='ltr'><em>con-</em></span> 
     </span>
     <span class='ocr_line' id='line_1_42' title="bbox 237 3042 1966 3101; baseline -0.001 -17"><span class='ocrx_word' id='word_1_439' title='bbox 237 3042 382 3084; x_wconf 87' lang='lat' dir='ltr'><em>sulatu</em></span> <span class='ocrx_word' id='word_1_440' title='bbox 412 3043 462 3087; x_wconf 94' lang='lat' dir='ltr'><em>L.</em></span> <span class='ocrx_word' id='word_1_441' title='bbox 494 3044 661 3086; x_wconf 87' lang='lat' dir='ltr'><em>Nonius</em></span> <span class='ocrx_word' id='word_1_442' title='bbox 691 3044 912 3101; x_wconf 83' lang='lat' dir='ltr'><em>Asprenas</em></span> <span class='ocrx_word' id='word_1_443' title='bbox 943 3046 1045 3098; x_wconf 82' lang='lat' dir='ltr'><em>fast.</em></span> <span class='ocrx_word' id='word_1_444' title='bbox 1073 3044 1192 3099; x_wconf 73' lang='lat' dir='ltr'><em>Gap„</em></span> <span class='ocrx_word' id='word_1_445' title='bbox 1224 3045 1273 3087; x_wconf 91' lang='lat' dir='ltr'><strong>X</strong></span> <span class='ocrx_word' id='word_1_446' title='bbox 1296 3048 1428 3095; x_wconf 81' lang='grc'><em>4881,</em></span> <span class='ocrx_word' id='word_1_447' title='bbox 1471 3046 1522 3087; x_wconf 93' lang='lat' dir='ltr'><em>L.</em></span> <span class='ocrx_word' id='word_1_448' title='bbox 1553 3045 1666 3086; x_wconf 91' lang='lat' dir='ltr'><strong><em>Non.</em></strong></span> <span class='ocrx_word' id='word_1_449' title='bbox 1698 3043 1731 3085; x_wconf 97' lang='lat' dir='ltr'><strong><em>I</em></strong></span> <span class='ocrx_word' id='word_1_450' title='bbox 1756 3044 1844 3084; x_wconf 83' lang='lat'><strong><em>754.</em></strong></span> <span class='ocrx_word' id='word_1_451' title='bbox 1876 3043 1966 3083; x_wconf 91' lang='lat'><strong><em>755.</em></strong></span> 
     </span>
    </p>

    <p class='ocr_par' dir='ltr' id='par_1_8' title="bbox 239 3111 1968 3443">
     <span class='ocr_line' id='line_1_43' title="bbox 321 3111 1966 3167; baseline -0.001 -15"><span class='ocrx_word' id='word_1_452' title='bbox 321 3111 372 3152; x_wconf 96' lang='lat' dir='ltr'><em>L.</em></span> <span class='ocrx_word' id='word_1_453' title='bbox 394 3111 435 3165; x_wconf 88' lang='lat' dir='ltr'><em>f.‚</em></span> <span class='ocrx_word' id='word_1_454' title='bbox 458 3112 510 3154; x_wconf 94' lang='lat' dir='ltr'><em>L.</em></span> <span class='ocrx_word' id='word_1_455' title='bbox 533 3127 574 3156; x_wconf 90' lang='lat' dir='ltr'><em>n.</em></span> <span class='ocrx_word' id='word_1_456' title='bbox 597 3113 705 3165; x_wconf 79' lang='lat' dir='ltr'><em>fasti</em></span> <span class='ocrx_word' id='word_1_457' title='bbox 726 3112 830 3167; x_wconf 83' lang='lat' dir='ltr'><em>Cap.</em></span> <span class='ocrx_word' id='word_1_458' title='bbox 854 3113 923 3167; x_wconf 90' lang='lat' dir='ltr'><em>(L.</em></span> <span class='ocrx_word' id='word_1_459' title='bbox 946 3113 975 3157; x_wconf 91' lang='lat' dir='ltr'><em>f.</em></span> <span class='ocrx_word' id='word_1_460' title='bbox 999 3116 1027 3155; x_wconf 88' lang='lat' dir='ltr'><em>t.</em></span> <span class='ocrx_word' id='word_1_461' title='bbox 1052 3114 1110 3167; x_wconf 94' lang='lat'><em>7).</em></span> <span class='ocrx_word' id='word_1_462' title='bbox 1141 3113 1260 3156; x_wconf 79' lang='lat' dir='ltr'><em>Avus</em></span> <span class='ocrx_word' id='word_1_463' title='bbox 1280 3114 1476 3167; x_wconf 85' lang='lat' dir='ltr'><em>fortasse,</em></span> <span class='ocrx_word' id='word_1_464' title='bbox 1497 3127 1583 3155; x_wconf 90' lang='lat' dir='ltr'><em>non</em></span> <span class='ocrx_word' id='word_1_465' title='bbox 1595 3116 1726 3167; x_wconf 83' lang='lat' dir='ltr'><em>pater</em></span> <span class='ocrx_word' id='word_1_466' title='bbox 1746 3111 1966 3166; x_wconf 89' lang='lat' dir='ltr'><em>Asprenas</em></span> 
     </span>
     <span class='ocr_line' id='line_1_44' title="bbox 239 3178 1965 3234; baseline 0.005 -15"><span class='ocrx_word' id='word_1_467' title='bbox 239 3178 491 3234; x_wconf 83' lang='lat' dir='ltr'><em>proconsul,</em></span> <span class='ocrx_word' id='word_1_468' title='bbox 532 3181 577 3221; x_wconf 92' lang='lat' dir='ltr'><em>in</em></span> <span class='ocrx_word' id='word_1_469' title='bbox 616 3182 813 3223; x_wconf 80' lang='lat' dir='ltr'><em>exercitu</em></span> <span class='ocrx_word' id='word_1_470' title='bbox 843 3181 1042 3224; x_wconf 84' lang='lat' dir='ltr'><em>Caesaris</em></span> <span class='ocrx_word' id='word_1_471' title='bbox 1073 3182 1295 3225; x_wconf 83' lang='lat' dir='ltr'><em>dictatoris</em></span> <span class='ocrx_word' id='word_1_472' title='bbox 1327 3198 1365 3224; x_wconf 89' lang='lat' dir='ltr'><em>a.</em></span> <span class='ocrx_word' id='word_1_473' title='bbox 1398 3183 1493 3225; x_wconf 89' lang='lat'><strong><em>708.</em></strong></span> <span class='ocrx_word' id='word_1_474' title='bbox 1527 3182 1610 3224; x_wconf 88' lang='lat'><em>709</em></span> <span class='ocrx_word' id='word_1_475' title='bbox 1644 3180 1736 3224; x_wconf 90' lang='lat' dir='ltr'><em>bell.</em></span> <span class='ocrx_word' id='word_1_476' title='bbox 1767 3179 1868 3233; x_wconf 78' lang='lat' dir='ltr'><strong><em>Afr.</em></strong></span> <span class='ocrx_word' id='word_1_477' title='bbox 1900 3181 1965 3228; x_wconf 78' lang='grc'><em>80,</em></span> 
     </span>
     <span class='ocr_line' id='line_1_45' title="bbox 241 3247 1967 3307; baseline -0.001 -18"><span class='ocrx_word' id='word_1_478' title='bbox 241 3247 365 3301; x_wconf 89' lang='lat' dir='ltr'><em>Hisp.</em></span> <span class='ocrx_word' id='word_1_479' title='bbox 397 3251 463 3298; x_wconf 93' lang='grc'><em>10,</em></span> <span class='ocrx_word' id='word_1_480' title='bbox 497 3283 506 3292; x_wconf 93' lang='grc'><strong>.</strong></span> <span class='ocrx_word' id='word_1_481' title='bbox 526 3281 535 3290; x_wconf 94' lang='grc'><strong>.</strong></span> <span class='ocrx_word' id='word_1_482' title='bbox 555 3281 564 3290; x_wconf 94' lang='grc'><strong>.</strong></span> <span class='ocrx_word' id='word_1_483' title='bbox 584 3249 677 3290; x_wconf 80' lang='lat' dir='ltr'><em>‚ius</em></span> <span class='ocrx_word' id='word_1_484' title='bbox 709 3248 960 3305; x_wconf 87' lang='lat' dir='ltr'><em>[Asp]renas</em></span> <span class='ocrx_word' id='word_1_485' title='bbox 994 3250 1046 3292; x_wconf 92' lang='lat' dir='ltr'><em>L.</em></span> <span class='ocrx_word' id='word_1_486' title='bbox 1077 3250 1130 3304; x_wconf 90' lang='lat' dir='ltr'><em>f.‚</em></span> <span class='ocrx_word' id='word_1_487' title='bbox 1162 3265 1240 3307; x_wconf 91' lang='lat' dir='ltr'><em>pro</em></span> <span class='ocrx_word' id='word_1_488' title='bbox 1271 3250 1367 3306; x_wconf 92' lang='lat' dir='ltr'><em>p[r.]</em></span> <span class='ocrx_word' id='word_1_489' title='bbox 1400 3253 1425 3292; x_wconf 89' lang='lat' dir='ltr'><em>t.</em></span> <span class='ocrx_word' id='word_1_490' title='bbox 1460 3250 1704 3292; x_wconf 87' lang='lat' dir='ltr'><em>Valentinus</em></span> <span class='ocrx_word' id='word_1_491' title='bbox 1732 3248 1842 3290; x_wconf 94' lang='lat' dir='ltr'><em>XII</em></span> <span class='ocrx_word' id='word_1_492' title='bbox 1858 3249 1967 3288; x_wconf 80' lang='grc'><em>1748</em></span> 
     </span>
     <span class='ocr_line' id='line_1_46' title="bbox 239 3315 1964 3370; baseline 0 -13"><span class='ocrx_word' id='word_1_493' title='bbox 239 3316 294 3369; x_wconf 81' lang='lat' dir='ltr'><em>cf.</em></span> <span class='ocrx_word' id='word_1_494' title='bbox 326 3315 574 3370; x_wconf 75' lang='lat' dir='ltr'><em>Hirschfeld</em></span> <span class='ocrx_word' id='word_1_495' title='bbox 604 3316 662 3358; x_wconf 86' lang='lat' dir='ltr'><em>acl</em></span> <span class='ocrx_word' id='word_1_496' title='bbox 690 3331 782 3359; x_wconf 90' lang='lat' dir='ltr'><em>eum</em></span> <span class='ocrx_word' id='word_1_497' title='bbox 813 3317 938 3368; x_wconf 72' lang='lat' dir='ltr'><em>(idem</em></span> <span class='ocrx_word' id='word_1_498' title='bbox 967 3322 1015 3360; x_wconf 88' lang='lat' dir='ltr'><em>ut</em></span> <span class='ocrx_word' id='word_1_499' title='bbox 1053 3318 1216 3361; x_wconf 81' lang='lat' dir='ltr'><em>videtur</em></span> <span class='ocrx_word' id='word_1_500' title='bbox 1246 3319 1382 3360; x_wconf 84' lang='lat' dir='ltr'><em>(lictus</em></span> <span class='ocrx_word' id='word_1_501' title='bbox 1411 3318 1576 3359; x_wconf 90' lang='lat' dir='ltr'><em>Nonius</em></span> <span class='ocrx_word' id='word_1_502' title='bbox 1609 3317 1782 3360; x_wconf 85' lang='lat' dir='ltr'><em>Struma</em></span> <span class='ocrx_word' id='word_1_503' title='bbox 1810 3315 1964 3358; x_wconf 83' lang='lat' dir='ltr'><em>Catull.</em></span> 
     </span>
     <span class='ocr_line' id='line_1_47' title="bbox 239 3384 1968 3443; baseline -0.001 -17"><span class='ocrx_word' id='word_1_504' title='bbox 239 3397 368 3426; x_wconf 87' lang='lat' dir='ltr'><em>carm.</em></span> <span class='ocrx_word' id='word_1_505' title='bbox 401 3387 460 3428; x_wconf 89' lang='grc'><em>32</em></span> <span class='ocrx_word' id='word_1_506' title='bbox 488 3385 540 3439; x_wconf 84' lang='lat' dir='ltr'><em>cf.</em></span> <span class='ocrx_word' id='word_1_507' title='bbox 572 3384 690 3427; x_wconf 88' lang='lat' dir='ltr'><em>Plin.</em></span> <span class='ocrx_word' id='word_1_508' title='bbox 721 3385 762 3428; x_wconf 74' lang='lat' dir='ltr'><em>h.</em></span> <span class='ocrx_word' id='word_1_509' title='bbox 792 3399 835 3428; x_wconf 87' lang='lat' dir='ltr'><em>n.</em></span> <span class='ocrx_word' id='word_1_510' title='bbox 865 3388 930 3436; x_wconf 87' lang='grc'><em>37,</em></span> <span class='ocrx_word' id='word_1_511' title='bbox 955 3389 1040 3443; x_wconf 90' lang='grc'><em>81).</em></span> <span class='ocrx_word' id='word_1_512' title='bbox 1100 3387 1231 3429; x_wconf 86' lang='lat' dir='ltr'><em>Pater</em></span> <span class='ocrx_word' id='word_1_513' title='bbox 1261 3388 1350 3429; x_wconf 86' lang='lat' dir='ltr'><em>eius</em></span> <span class='ocrx_word' id='word_1_514' title='bbox 1383 3385 1597 3428; x_wconf 85' lang='lat' dir='ltr'><em>Publilius</em></span> <span class='ocrx_word' id='word_1_515' title='bbox 1626 3384 1891 3441; x_wconf 82' lang='lat' dir='ltr'><em>(vocabulum</em></span> <span class='ocrx_word' id='word_1_516' title='bbox 1919 3387 1968 3426; x_wconf 92' lang='lat' dir='ltr'><em>ut</em></span> 
     </span>
    </p>
   </div>
  </div>
 </body>
</html>
