2210 3698
281 275 529 311 DELPHIVS
1170 265 1196 306 6
1789 271 2081 307 DEMETRIVS

276 1112 334 1119 l

277 1225 332 1267 ἓ
277 1180 335 1186 Ι

278 1525 336 1531 l

279 1640 330 1682 ΕΞ
277 1595 335 1601 Ι

284 2800 339 2842 32

284 2935 339 2978 33

286 3142 343 3184 34

288 3278 342 3320 35

359 404 611 447 Armeniam
631 401 718 444 Dio
733 405 799 452 49,
816 405 883 452 39,
906 401 961 443 ad
981 401 1138 443 milites
1159 400 1364 455 legendos
1386 401 1429 441 in
1447 399 1677 442 Thraciam
1698 400 2084 458 Macedoniamque

361 472 448 515 Dio
480 475 546 521 50,
570 473 634 512 13.
694 470 879 512 Interest
918 469 1098 512 Antonii
1139 469 1402 525 expeditioni
1443 468 1692 518 Parthicae,
1739 470 1804 512 καὶ
1842 470 1957 516 αὐτὸς
1995 471 2084 527 ἥγε.-

362 541 495 596 μονίαν
528 539 648 595 ἔχων,
681 537 839 580 Strabo
860 541 924 587 11,
946 541 1011 588 13,
1032 541 1060 579 3
1080 553 1129 592 p.
1152 540 1248 580 523.
1295 537 1471 579 Transit
1491 536 1544 578 ad
1567 536 1794 579 Caesarem
1815 537 1959 594 paullo
1986 544 2085 580 ante

362 622 551 665 pugnam
589 606 813 648 Actiacam
844 605 942 648 Vell.
974 610 1017 656 2,
1043 609 1097 648 84
1107 620 1120 657 ,·
1156 605 1274 647 Plut.
1305 605 1409 647 Ant.
1435 608 1489 648 59
1499 619 1512 656 ;
1550 605 1638 648 Dio
1668 609 1734 656 50,
1761 609 1819 649 23
1849 607 1902 659 cf.
1926 605 2087 649 Seneca

361 689 474 718 suas.
509 675 533 717 l.
567 688 625 725 c.,·
656 673 818 717 Seneca
849 674 897 715 cle
929 674 1042 716 clem.
1076 674 1101 716 l.
1135 688 1169 716 c.
1190 674 1509 716 —Historicus
1539 674 1656 716 Plut.
1678 674 1780 716 Ant.
1800 676 1868 717 59.
1917 674 2088 717 Citatur

363 759 390 786 a
412 743 622 787 Strabone
644 745 683 783 ct
703 756 731 783 a
751 742 984 784 Plutarcho
1008 742 1050 784 ll.
1077 756 1133 783 cc.
1174 741 1245 783 Ad
1267 757 1364 783 eum
1386 743 1592 797 scriptum
1612 757 1783 784 carmen
1805 743 1977 785 Horatii
1996 747 2039 794 2,
2061 746 2088 785 3

363 815 462 855 teste
490 812 582 865 ipso
613 810 796 852 Horatio
826 824 863 851 v.
893 813 932 860 4,
967 810 1252 863 adstipulante
1283 810 1586 864 Porphyrion&

363 888 405 923 P.
446 885 694 921 DELPHIVS
736 884 1051 920 PEREGRINVS
1092 884 1273 919 ALEIVS
1313 884 1566 920 ALENNIVS
1607 885 1837 920 MAXIMVS
1879 886 2086 922 CVRTIVS

362 955 680 991 VALERIANVS
723 953 976 989 PROCVLVS
1017 954 1070 988 M.
1112 953 1296 988 NONIVS
1338 953 1591 989 MVCIANVS
1626 961 1662 989 v.
1693 954 1746 989 M.
1779 954 1962 991 NONIVS
1998 956 2087 991 MV-

364 1023 541 1059 CIANVS
572 1024 613 1059 P.
645 1021 894 1058 DELPHIVS
925 1020 1257 1057 PEREGRINVS.

364 1087 516 1141 Sergia
545 1086 781 1128 Demetria.

364 1155 587 1210 FL(AV1A)
618 1159 885 1195 DEMETRIA
914 1158 1209 1197 FLACCILLA.

362 1224 682 1265 Demetrianus.
731 1221 895 1264 Contra
924 1235 1022 1263 eum
1052 1221 1223 1276 scripsit
1246 1219 1490 1276 Cyprianus
1521 1220 1714 1264 libellum
1735 1224 1809 1279 qui
1841 1223 2090 1267 inscribitur

363 1292 419 1335 ad
448 1291 789 1334 Demetrianum.
865 1289 932 1343 Cf.
971 1290 1226 1331 Lactantius
1264 1290 1362 1331 inst.
1398 1289 1438 1331 V
1458 1293 1484 1331 4
1493 1303 1506 1341 ;
1545 1290 1830 1345 Hieronymus
1860 1306 1921 1349 cp.
1956 1296 2019 1344 70,
2049 1298 2088 1336 3.

364 1359 663 1403 Proconsulcm
691 1359 754 1401 rel
774 1358 1043 1413 proconsulis
1074 1371 1322 1400 assessorem
1362 1372 1454 1400 eum
1492 1358 1624 1411 fuisse
1658 1373 1709 1401 cx
1739 1374 1772 1402 c.
1800 1364 1859 1404 12
1883 1362 1954 1404 vice
1982 1365 2092 1405 recte

364 1429 530 1483 colleyit
560 1427 809 1471 Morccllius
838 1426 940 1480 Afr.
973 1426 1059 1469 chr.
1090 1429 1122 1470 2
1142 1441 1190 1480 10·
1222 1428 1318 1469 125.

365 1500 419 1553 Q.
450 1498 588 1542 Iulius
617 1497 837 1539 Maximus
868 1496 1189 1538 Demetrianus.

364 1569 530 1612 Marcia
559 1565 740 1609 Aurelia
770 1564 948 1608 Ceionia
976 1565 1235 1606 Demetrias.

364 1637 633 1689 Demetrius,
676 1633 956 1690 philosophus
996 1632 1187 1688 Cynicus
1231 1632 1331 1675 Tac.
1373 1647 1412 1674 a.
1450 1636 1514 1683 16,
1545 1636 1621 1683 34,
1661 1633 1757 1676 laist.
1787 1638 1826 1685 4,
1857 1638 1911 1677 40
1922 1649 1935 1686 ;
1974 1635 2091 1679 Suet.

366 1706 483 1761 Vesp.
514 1707 592 1756 13;
633 1703 849 1745 [lucianus
890 1701 939 1744 de
977 1700 1074 1743 salt.
1106 1704 1177 1751 63,
1221 1700 1314 1743 adv.
1345 1700 1499 1743 indoct.
1531 1705 1597 1743 19.
1657 1702 1859 1745 Ducenta
1897 1703 2016 1746 milia
2054 1705 2092 1746 ei

365 1774 509 1818 oblata
544 1789 570 1815 a
600 1771 648 1815 C.
681 1770 867 1814 Caesare
902 1784 990 1812 non
1028 1770 1186 1825 accipit
1216 1769 1377 1812 Seneca
1408 1769 1457 1812 de
1489 1770 1622 1823 benef.
1656 1773 1692 1821 7,
1724 1774 1789 1813 11.
1849 1771 2094 1815 Familiaris

366 1844 556 1887 Senecae
587 1840 873 1895 (‘Demetrius
914 1844 1074 1880 noster'
1120 1837 1221 1880 dial.
1253 1841 1290 1888 1,
1321 1841 1361 1889 3,
1392 1841 1441 1889 3,·
1472 1853 1533 1892 ep.
1562 1842 1633 1889 20,
1667 1842 1716 1890 9,·
1747 1842 1815 1890 62,
1846 1843 1896 1891 3,·
1925 1844 1992 1892 67,
2020 1845 2096 1893 14;

365 1915 439 1961 91,
482 1913 551 1967 19)
593 1910 667 1965 qui
712 1909 873 1965 passim
921 1922 1017 1950 eum
1061 1906 1211 1960 laudat
1250 1906 1321 1948 vel
1362 1906 1478 1948 dicta
1517 1907 1608 1949 cius
1647 1907 1784 1952 affert.
1851 1909 2095 1952 Familiaris

364 1980 582 2022 Thraseae
622 1978 745 2020 Paeti
781 1977 879 2019 Tac.
917 1990 1016 2018 ann.
1047 1978 1112 2026 16,
1143 1978 1219 2025 34,
1265 1976 1385 2017 cuius
1424 1976 1634 2031 supremis
1674 1976 1852 2019 interest
1890 1978 1947 2020 ib.
1980 1991 2015 2020 c.
2043 1981 2097 2021 35

367 2047 481 2100 (inde
512 2046 638 2089 Valla
667 2045 725 2088 aol
753 2045 845 2089 Iuv.
867 2047 905 2096 5,
927 2048 981 2087 36
1000 2059 1049 2099 p.
1074 2047 1159 2088 231
1189 2043 1340 2101 Jahn).
1390 2043 1443 2086 A.
1466 2045 1520 2087 70
1545 2045 1589 2087 P.
1638 2044 1871 2100 Egnatium
1903 2046 2097 2089 Celerem

368 2115 560 2158 defendit
603 2114 702 2157 Tac.
742 2114 839 2156 hist.
869 2117 917 2164 4,
948 2117 1016 2156 40.
1089 2112 1335 2156 Contumax
1378 2112 1585 2155 adversus
1626 2113 1939 2170 Vespasianum
1980 2115 2096 2159 Suet.

368 2184 485 2239 Vesp.
507 2187 571 2226 13.
616 2182 686 2225 Ab
718 2197 767 2225 eo
798 2183 843 2224 in
874 2181 1059 2224 insulam
1088 2181 1304 2236 relegatus
1327 2180 1415 2223 D‘e'o
1435 2184 1499 2232 66,
1522 2184 1587 2223 13.
1629 2181 1896 2226 Memoratur
1915 2184 2094 2227 Lucian.

369 2253 418 2296 cle
448 2252 544 2295 salt.
577 2249 652 2304 (62
680 2251 831 2308 Belclc.)
864 2265 897 2293 c.
930 2253 1000 2301 63,
1042 2251 1118 2293 ubi
1145 2250 1375 2292 scholiasta
1408 2264 1458 2304 p.
1489 2253 1570 2292 144
1598 2250 1743 2293 Iacob.
1774 2252 1884 2295 male
1914 2253 1979 2295 ait
2007 2267 2099 2296 eum

367 2321 519 2363 vixisse
548 2321 623 2362 sub
655 2319 861 2374 Auyusto,
893 2318 986 2361 adv.
1017 2318 1232 2361 indoctum
1262 2315 1331 2370 (49
1361 2317 1513 2375 Bekk.)
1545 2331 1578 2360 c.
1601 2321 1667 2361 19.
1688 2344 1746 2349 —
1769 2319 1947 2362 Amicus
1966 2319 2098 2377 Apol-

367 2389 471 2431 lonii
502 2389 745 2444 Tyanensis
777 2394 819 2430 et
849 2393 1034 2430 sectator
1064 2388 1155 2429 eius
1187 2386 1385 2429 Corinthi
1406 2386 1696 2429 Philostratus
1721 2388 1792 2430 vit.
1814 2388 1960 2443 Apoll.
1980 2392 2020 2440 4,
2041 2392 2098 2433 25

370 2456 588 2510 (Corinthi
608 2457 819 2512 deycntem
838 2456 946 2510 facit
969 2470 1061 2498 eum
1082 2456 1209 2498 etiam
1231 2455 1448 2497 Lucianus
1468 2454 1560 2497 adv.
1583 2455 1670 2497 ind.
1683 2458 1778 2512 19);
1799 2456 1935 2499 Roma
1950 2457 2099 2514 pulsus

368 2542 394 2568 a
423 2525 636 2580 Tigellino
667 2526 724 2568 ib.
756 2539 790 2567 c.
814 2528 874 2568 42
904 2524 959 2578 cf.
992 2527 1020 2566 7
1048 2538 1081 2566 c.
1101 2527 1156 2566 16
1165 2537 1178 2575 ‚·
1206 2523 1390 2566 Athenis
1417 2529 1622 2573 moratur,
1656 2523 1828 2567 Nerone
1848 2526 1893 2567 in
1915 2526 2100 2570 Graecia

368 2600 595 2650 praesente
627 2594 682 2636 id.
713 2596 751 2643 5,
779 2596 846 2644 19,
888 2591 1078 2634 Puteolis
1109 2592 1189 2634 sub
1221 2592 1468 2634 Domitiano
1500 2591 1557 2633 id.
1591 2595 1627 2642 7,
1658 2597 1736 2645 10;
1763 2596 1803 2644 8,
1830 2597 1897 2636 10.
1925 2619 1984 2625 —-
2010 2595 2099 2637 De-

368 2662 570 2704 metrium
611 2661 799 2718 aliquem
840 2661 1096 2704 Suniensem
1137 2660 1303 2702 inducit
1333 2660 1551 2701 Isucz'anus
1582 2660 1735 2703 Toxar.
1769 2675 1802 2704 c.
1828 2665 1890 2705 27
1917 2663 2100 2717 fortasse

369 2730 559 2784 cogitans
588 2730 638 2772 ole
666 2730 755 2772 hoc.

369 2799 620 2841 Demetrius
651 2797 893 2840 causidicus
925 2795 1000 2850 (an
1028 2795 1250 2853 Cynicus?
1280 2796 1415 2854 Pith.)
1445 2797 1519 2853 qui
1559 2796 1718 2839 multos
1748 2797 1911 2840 Neroni
1948 2798 2102 2842 detulit

370 2867 496 2910 schol.
528 2867 586 2909 ad
613 2867 706 2909 Iuv.
737 2869 828 2908 sat.
846 2869 884 2917 1,
915 2869 982 2908 33.
1043 2865 1217 2908 Videtur
1246 2879 1364 2907 error
1389 2865 1568 2907 subesse.

370 2935 619 2977 Demetrius
648 2949 876 2991 manceps,
907 2934 1092 2976 Neronis
1122 2934 1368 2990 principatu
1399 2933 1472 2988 (ab
1503 2935 1802 2988 unguentariis
1833 2941 1881 2978 ut
1908 2935 2100 2991 videtur)

372 3003 488 3060 apud
519 3003 716 3046 consules
737 3009 963 3045 accusatus
985 3002 1101 3059 quod
1123 3003 1213 3044 eius
1234 3016 1365 3058 opera
1395 3002 1534 3057 pretia
1563 3003 1708 3044 nescio
1739 3017 1925 3059 quarum
1955 3019 2101 3047 rerum

370 3071 597 3114 immodice
626 3078 753 3114 aucta
782 3078 924 3113 essent
954 3071 1071 3114 Ptin.
1093 3071 1134 3113 h.
1159 3085 1201 3113 n.
1222 3073 1287 3121 33,
1310 3073 1402 3113 164.

370 3141 620 3183 Demetrius
650 3139 969 3182 comoediarum
990 3146 1120 3194 actor,
1153 3145 1295 3181 aetate
1319 3138 1576 3192 Quintiliani
1604 3139 1744 3192 Quint.
1769 3139 1866 3181 inst.
1891 3153 1952 3182 or.
1973 3143 2038 3191 11,
2059 3143 2098 3192 3,

371 3211 465 3252 178.
496 3212 602 3260 179,·
628 3208 844 3251 Iuvenalis
873 3211 953 3251 sat.
983 3212 1022 3259 3,
1055 3211 1123 3251 99.

373 3277 624 3319 Demetrius
669 3276 1007 3332 Sagalassensis,
1051 3278 1235 3333 scriptor
1272 3275 1374 3318 belli
1415 3275 1607 3319 Parthici
1647 3274 1698 3319 L.
1738 3275 1845 3318 Veri
1887 3276 2104 3320 Lucianus

373 3359 508 3400 quom.
538 3345 634 3388 hist.
665 3346 790 3388 scrib.
822 3359 856 3388 c.
887 3348 958 3389 32.
