2202 3724
152 262 396 299 LVCCEIVS
1019 256 1098 299 301
1706 261 1955 298 LVCIANVS

152 393 237 436 269
267 393 480 436 Lucceius
502 392 759 447 Ofellianus,
789 408 828 436 a.
853 393 934 436 166
963 393 1248 449 epistrategus
1264 392 1460 448 'Aegypti
1483 397 1531 434 ut
1549 391 1723 434 videtur
1749 392 1964 434 inferioris

238 461 307 504 01
307 461 385 506 Gr.
411 465 534 505 4701.
1292 465 1298 470 “

152 529 235 572 270
264 535 508 571 LVCCEIVS
539 535 832 580 TORQVATVS
863 528 1030 583 legatus
1060 543 1138 585 pro
1168 535 1367 584 praetore
1394 529 1641 584 provinciae
1663 527 1806 583 Asiae,
1836 527 1963 569 simul

237 604 410 640 curator
438 598 626 640 civitatis
656 597 904 654 Ephesinae
931 596 1079 640 GIGr.
1101 600 1219 640 2977
1246 598 1318 651 (ε
1339 596 1670 642 Lebas-Wadd,
1691 599 1775 639 147
1780 595 1839 650 a).

151 665 231 709 271
266 672 511 708 LVCCEIVS
533 672 827 717 TORQVATVS
854 665 1104 720 consularis,
1128 666 1295 708 occisus
1311 680 1337 707 a
1353 664 1589 708 Commodo
1604 666 1676 707 vit.
1696 664 1852 709 Corum.
1870 668 1908 715 7,
1924 667 1962 707 6.

152 734 235 777 272
266 734 455 777 Lucceia
483 733 642 788 (luceia
669 734 875 789 traditur)
905 735 1055 787 mima,
1099 741 1271 776 centum
1311 735 1435 775 annis
1475 740 1578 775 nata
1607 734 1650 775 in
1681 747 1839 775 scaena
1866 748 1965 790 pro-,

237 803 457 845 nuntiavit
478 802 597 845 Plin.
620 803 660 847 h.
680 817 723 845 n.
747 806 784 853 7,
806 805 899 854 158.

152 871 236 914 273
267 877 309 914 C.
332 877 540 913 LVCGIVS
566 876 844 912 TELESINVS
873 869 1117 924 (Telesinus
1139 869 1454 921 Philostratus5
1474 870 1520 911 in
1540 870 1760 912 consulatu
1781 869 1830 912 C.
1851 870 1964 912 Luc-

238 941 330 981 cius
351 938 578 981 Telesinus
609 939 676 981 VI
690 941 799 980 8639
820 958 874 972 =
896 938 944 980 X
961 941 1079 981 6637.
1109 938 1190 980 ΧΙ
1200 941 1292 987 395,
1324 938 1514 980 Luccius
1544 936 1769 980 Telesinus
1801 938 1899 980 Tae.
1922 952 1961 982 a.

238 1011 301 1058 16,
324 1011 389 1058 14,
422 1007 453 1050 Γ
455 1010 540 1054 aiio<
569 1006 777 1053 Τελεσῖνος
806 1005 896 1049 Dio
920 1009 984 1056 63,
1008 1010 1047 1057 1,
1079 1006 1129 1050 L.
1162 1005 1388 1048 Telesinus
1417 1005 1655 1048 Frontinus
1685 1006 1735 1047 (le
1765 1021 1831 1060 aq.
1854 1009 1963 1057 102,-

239 1076 347 1118 alibi
377 1075 625 1126 Telesinus,
668 1076 714 1117 in
753 1076 882 1128 fastis
909 1075 1161 1129 quibusdam
1192 1074 1392 1117 Celsinus
1423 1075 1596 1129 errore.)
1657 1075 1822 1117 Consul
1853 1075 1964 1117 ordi-

237 1145 386 1186 narius
415 1159 453 1186 a.
485 1144 540 1186 66
579 1158 678 1185 011111
709 1143 759 1186 C.
791 1143 1000 1186 Suetonio
1030 1142 1228 1185 Paullino
1259 1143 1378 1196 fasti.
1437 1143 1671 1198 (Memorat
1701 1143 1962 1186 consulatum

237 1212 363 1253 etiam
393 1211 689 1254 Philostratus
716 1212 788 1255 vit.
809 1211 953 1265 Apoll.
974 1215 1014 1261 4,
1035 1215 1104 1255 40.
1139 1214 1176 1261 7,
1198 1214 1263 1260 11,
1284 1210 1340 1259 4).
1402 1210 1703 1267 Philosophiae
1734 1211 1964 1261 studiosus,

237 1280 400 1322 amicus
420 1279 638 1336 Apollonii
661 1281 904 1336 Tyanensis
925 1279 1220 1321 Philostratus
1237 1280 1309 1321 vit.
1327 1279 1517 1333 Apoll.I
1522 1278 1638 1321 1740.
1654 1283 1719 1329 43,
1743 1283 1780 1322 1.
1815 1279 1855 1321 V
1868 1283 1905 1324 7.
1923 1283 1962 1322 1.

237 1348 360 1391 VIII
382 1353 417 1399 7,
450 1353 515 1391 47.
547 1353 616 1399 12,
648 1352 688 1391 3.
716 1353 754 1391 4.
815 1347 906 1392 Sub
937 1348 1186 1404 Domitiano
1224 1347 1521 1404 philosophiae
1560 1362 1692 1390 031183
1731 1347 1878 1389 exulat
1907 1348 1962 1391 ib.

239 1420 274 1466 7,
297 1420 362 1467 11,
384 1421 424 1459 3.
445 1422 485 1460 4.
509 1442 566 1448 -
592 1417 774 1461 Telesini
791 1418 958 1460 nomine
975 1431 1060 1471 pro
1082 1417 1214 1459 lubito
1243 1420 1422 1458 utuntur
1443 1416 1672 1459 Martialis
1689 1419 1728 1466 3,
1749 1419 1816 1458 40.
1838 1419 1876 1466 6,
1897 1419 1963 1460 50.

238 1488 304 1536 12,
336 1489 394 1529 25
423 1490 462 1529 et
491 1486 708 1529 Iuvenalis
734 1490 772 1536 7,
801 1489 871 1536 25,
902 1486 971 1527 hie
991 1489 1186 1540 poetam,
1226 1485 1297 1527 ille
1319 1485 1566 1539 plerumque
1597 1484 1651 1540 (3,
1681 1489 1748 1527 40.
1790 1487 1859 1534 12,
1889 1487 1963 1539 25)

238 1554 407 1597 divitem
437 1569 615 1597 avarum
643 1555 903 1610 siqniflcans.

162 1647 220 1651 —
264 1629 373 1666 SEX.
404 1623 751 1678 PV[L]FENN1VS
795 1628 1071 1665 SALVTARIS
1112 1629 1164 1664 M.
1204 1628 1414 1664 LVCCIVS
1446 1629 1695 1665 VALERIVS
1739 1628 1962 1664 SEVERVS

237 1697 445 1734 PLOTIVS
478 1697 605 1734 OILO.

153 1760 236 1802 274
267 1766 450 1802 LVCCIA
485 1766 737 1802 TELESINA
771 1759 820 1804 C.
852 1759 905 1813 f.,
950 1761 1042 1801 eius
1078 1760 1152 1815 qui
1188 1759 1408 1815 praecedit
1442 1758 1532 1801 filia
1571 1766 1676 1816 puto
1716 1767 1791 1802 aut
1829 1774 1961 1813 soror,

238 1829 307 1872 VI
327 1833 464 1872 21563
495 1829 642 1872 titulus
669 1828 930 1883 sepulcralis.
961 1853 1019 1858 -—
1062 1828 1278 1870 Telesinae
1307 1842 1455 1871 nomen
1487 1843 1554 1882 ap.
1588 1828 1790 1871 Martial.
1820 1832 1864 1878 2,
1894 1832 1963 1870 49.

238 1902 275 1948 7,
307 1901 375 1949 87,
406 1901 447 1940 8.

153 1963 236 2010 275
267 1967 491 2021 Lucensis,
523 1967 592 2008 vir
622 1966 790 2020 doctus,
822 1965 937 2023 apud
969 1967 1091 2008 cuius
1122 1965 1326 2008 libertum
1355 1964 1604 2008 Secundum
1634 1965 1846 2008 Martialis
1878 1967 1963 2022 epi-

87 2089 97 2091 ?
237 2042 525 2090 grammatum
555 2034 667 2077 liber
695 2049 857 2076 venum
888 2034 1110 2091 prostabat
1138 2033 1341 2078 Martial.
1378 2037 1410 2084 1,
1431 2037 1474 2083 2,
1498 2037 1533 2075 7.

151 2104 234 2147 276
255 2104 476 2146 Lucianus
487 2104 668 2157 (Λυκῖνος
682 2104 772 2158 ipse
788 2103 837 2145 cle
851 2116 895 2145 se
909 2103 956 2145 in
971 2103 1142 2157 seriptis
1155 2102 1382 2152 nonnullis,
1392 2103 1692 2156 yraecissans).
1716 2102 1784 2156 Cf.
1800 2102 1965 2145 Croiset

237 2174 350 2214 essai
374 2185 450 2214 sur
480 2172 524 2213 la
553 2173 616 2214 vie
646 2175 686 2214 et
715 2171 773 2214 les
803 2185 960 2213 oeuvres
986 2171 1035 2213 de
1062 2172 1223 2213 Lucien
1252 2170 1413 2226 (Paris.
1444 2170 1591 2225 1882).
1651 2170 1965 2213 samosatensis

238 2242 328 2295 ipse
358 2240 560 2295 quomodo
589 2240 684 2284 hist.
715 2254 795 2282 scr.
826 2241 883 2283 sit
910 2243 991 2291 24,·
1020 2239 1251 2294 Eunapius
1270 2240 1341 2281 vit.
1362 2239 1479 2293 soph.
1493 2253 1541 2293 p.
1562 2242 1588 2281 5
1607 2238 1773 2290 Boiss.;
1803 2239 1964 2282 Suidas

235 2323 267 2352 s.
298 2323 335 2352 v.
366 2311 440 2363 (ex
471 2309 600 2364 Syria
628 2310 717 2363 ipse
738 2310 895 2363 piscat.
916 2311 983 2359 19,
1016 2308 1158 2362 Scyth.
1181 2312 1221 2358 9,
1254 2308 1309 2362 ef.
1337 2308 1401 2350 bis
1432 2321 1567 2350 accus.
1589 2308 1680 2360 27).
1732 2308 1878 2364 Γέγονε
1899 2309 1962 2351 ἐπὶ

236 2383 305 2421 τοῦ
348 2376 548 2435 Καίσαρος
592 2376 788 2435 Τραϊανοῦ
833 2379 898 2420 καὶ
940 2377 1121 2420 ἐπέκεινα
1163 2376 1325 2419 Suirlas
1363 2376 1518 2430 (minus
1555 2379 1687 2427 recte;
1732 2390 1834 2418 nam
1870 2390 1962 2419 eum

236 2446 429 2499 floruerit
446 2447 662 2488 Istc-cianus
683 2446 937 2500 temporibus
954 2445 1020 2487 M.
1037 2445 1220 2495 Aurelii,
1236 2459 1322 2487 non
1334 2459 1481 2498 pauca
1500 2445 1720 2498 scripserit
1739 2445 1871 2486 etiam
1886 2446 1962 2488 sub

239 2513 474 2564 Commodo,
502 2514 664 2556 natalis
692 2515 783 2556 eius
812 2514 976 2556 ridetur
1005 2513 1299 2556 attribuendus
1328 2526 1412 2555 esse
1435 2513 1690 2567 temporibus
1710 2512 1964 2567 Hadriani).

238 2583 474 2625 Pueritiam
506 2596 704 2638 egressus
735 2582 883 2625 relicto
915 2581 1122 2624 avunculi
1163 2581 1330 2638 opificio
1368 2581 1424 2623 ad
1464 2580 1660 2623 liberalia
1691 2581 1834 2624 studia
1864 2596 1962 2624 0011-

237 2652 423 2693 vertitur
451 2652 540 2705 ipse
567 2665 698 2693 somn.
729 2651 814 2693 sive
844 2651 894 2693 (le
914 2651 1017 2694 [suc.
1048 2651 1120 2692 vit.
1141 2654 1167 2693 1
1188 2663 1270 2704 seq.
1315 2650 1366 2692 In
1398 2650 1521 2692 Ionia
1550 2649 1790 2692 rhetoricae
1821 2650 1965 2693 studet

241 2721 305 2763 bis
326 2733 462 2762 accus.
483 2722 555 2763 27.
607 2719 761 2762 causis
782 2719 976 2762 dicendis
1006 2733 1182 2775 operam
1212 2718 1289 2761 dat
1316 2720 1406 2773 ipse
1427 2719 1584 2772 piscat.
1605 2721 1675 2768 25,
1709 2718 1964 2761 Antiochiae

238 2789 283 2830 in
305 2788 434 2845 Syria
454 2788 627 2831 Suidas.
668 2789 781 2831 Foro
803 2787 952 2831 relicto
974 2795 1108 2830 totum
1131 2786 1358 2830 scribendo
1380 2802 1427 2829 80
1447 2787 1588 2841 dedit3
1611 2786 1802 2830 excoluit
1820 2794 1963 2830 autem

238 2871 398 2899 novum
429 2858 697 2913 potissimum
727 2871 877 2912 genus,
907 2858 1094 2900 mixtum
1115 2871 1139 2898 0
1158 2855 1330 2911 dialogo
1361 2855 1658 2912 philosophico
1680 2863 1723 2898 et
1743 2856 1963 2898 comoedia

239 2926 329 2979 ipse
360 2925 424 2967 bis
453 2939 590 2967 aecus.
611 2928 670 2968 28
700 2927 755 2979 cf.
787 2926 918 2969 Zeuoe.
942 2930 980 2968 1.
1033 2925 1207 2981 Scripta
1246 2940 1324 2967 sua
1364 2925 1518 2967 recitat
1551 2925 1641 2979 ipse
1672 2924 1721 2966 de
1750 2924 1898 2967 electro
1924 2928 1962 2974 6,

240 2993 290 3036 de
319 2993 483 3047 dipsad.
506 2997 545 3043 9,
578 3009 663 3036 non
691 2993 827 3036 solum
860 2995 902 3035 in
935 2994 1132 3047 Graecia,
1165 2993 1240 3035 sed
1271 2994 1401 3035 etiam
1431 2994 1475 3034 in
1505 2991 1632 3035 Italia
1663 3000 1706 3034 et
1727 2991 1870 3036 Gallia
1900 2993 1965 3034 bis

239 3074 377 3103 aecus.
398 3065 459 3104 27
479 3061 532 3115 cf.
556 3061 668 3116 apol.
685 3065 751 3113 15,
775 3063 877 3104 item
899 3064 944 3104 in
965 3062 1222 3104 Macedonia
1238 3062 1440 3105 Herodot.
1462 3065 1497 3111 7,
1520 3061 1662 3115 Scyth.
1680 3064 1717 3103 9.
1752 3061 1964 3103 Historias

242 3129 296 3171 de
325 3128 438 3171 bello
470 3129 674 3172 Parthico
715 3131 766 3172 L.
797 3131 903 3173 Veri
942 3131 1208 3185 (161—165)
1251 3130 1386 3172 editas
1428 3129 1580 3172 irridet
1619 3130 1778 3185 scripto
1819 3128 1964 3171 libello

239 3197 453 3253 quomodo
483 3197 664 3241 historia
690 3198 921 3241 scribenda
949 3201 1017 3253 sit,
1044 3206 1142 3256 post
1169 3199 1339 3241 finitum
1360 3198 1473 3240 idem
1496 3197 1659 3240 bellum
1679 3198 1734 3251 ef.
1758 3197 1783 3241 l.
1808 3211 1841 3240 e.
1863 3201 1906 3248 2,
1922 3203 1961 3248 5,

238 3264 316 3307 sed
344 3272 445 3308 ante
473 3266 739 3323 triumphum
770 3267 821 3311 L.
853 3268 958 3310 Veri
987 3268 1044 3311 ib.
1066 3270 1132 3310 31.
1180 3267 1404 3322 Peregrini
1435 3267 1561 3308 morti
1593 3265 1860 3308 voluntariae
1890 3266 1963 3308 ad-

239 3333 322 3375 fuit
350 3333 579 3391 Olympiae
615 3334 664 3376 cle
702 3338 835 3378 morte
865 3335 1034 3390 Pereyr.
1066 3339 1098 3378 2
1127 3349 1209 3388 seq.
1250 3335 1316 3389 (de
1357 3338 1536 3388 tempore
1577 3334 1631 3387 ef.
1665 3333 1820 3376 Nissen
1859 3347 1962 3377 mus.
