2202 3724
250 303 551 339 MONOBAZVS
1111 295 1194 336 386
1795 302 2068 340 MVOIANVS'

251 433 333 476 492
363 432 639 486 Monobazus,
672 430 901 473 Monobazi
933 431 1047 485 regis
1069 429 1395 473 Adiabenorum
1424 434 1706 490 propinquus,
1738 434 2053 490 Hierosolymis

334 515 465 555 agens
496 517 531 542 a.
565 501 631 555 66,
672 499 841 541 fortiter
876 514 921 541 se
949 500 1064 554 gerit
1092 499 1137 540 in
1165 499 1328 555 proelio
1360 507 1511 543 contra
1541 501 1734 545 Cestium
1764 509 1807 545 et
1835 503 2053 546 Romanos

334 570 557 611 commisso
587 567 751 622 Ioseph.
784 567 876 611 bell.
907 570 949 622 2,
982 570 1049 618 19,
1080 570 1124 610 2.

248 638 331 680 493
362 637 611 679 Montanius
647 635 887 690 Atticinus,
928 634 1135 691 praesidis
1166 650 1293 692 quem
1323 637 1366 678 in
1399 638 1669 693 provinciam
1705 641 1931 683 comitatus
1962 646 2056 684 erat

332 711 555 747 accusator
587 705 750 759 extitit3
781 705 826 745 in
857 703 1039 748 insulam
1072 702 1287 758 relegatus
1318 704 1495 748 Plinius
1525 720 1586 761 ep.
1617 709 1656 757 6,
1686 710 1762 752 22.

248 774 332 816 494
362 779 656 828 MONTANVS,
699 774 813 814 inter
839 786 1039 829 proceres
1067 787 1092 814 a
1122 772 1371 815 Domitiano
1403 774 1447 815 in
1478 774 1656 817 consilio
1687 775 1741 817 de
1770 775 1950 818 rhombo
1980 776 2053 819 ad-

331 842 493 884 hibitus
533 841 750 884 Iuvenalis
783 845 821 891 4,
853 844 946 883 107.
978 844 1060 883 131
1089 853 1170 895 seq.
1244 841 1452 884 ‘Noverat
1500 842 1571 885 ille
1619 842 1838 886 luxuriam
1884 845 2052 901 imperii

331 916 522 951 veterem
552 915 788 965 noctesque
815 909 1000 951 Neronis
1028 910 1111 950 iam
1143 909 1322 951 medias‘
1356 910 1412 954 ib.
1436 914 1528 955 137.
1574 911 1780 955 Fortasse
1810 912 1942 967 iyitur
1968 927 2055 955 non

332 978 519 1020 diversus
549 992 577 1019 a
609 976 755 1020 Curtio
788 977 998 1020 Montano
1033 981 1262 1020 memorato
1299 992 1327 1020 a
1362 978 1508 1021 Tacito
1548 994 1646 1024 ann.
1677 983 1742 1031 16,
1773 983 1846 1024 28.
1875 984 1948 1024 29.
1977 984 2054 1033 33;

330 1046 425 1088 hist.
456 1049 494 1095 4,
523 1049 591 1087 40.
621 1049 692 1088 42.
723 1048 777 1087 43
806 1045 1070 1101 (Heinrich);
1115 1046 1160 1088 T.
1200 1046 1373 1088 Iunium
1419 1047 1675 1090 Montanum
1714 1048 1921 1092 consulem
1962 1049 2054 1103 suf-

329 1114 484 1168 fectum
524 1128 563 1156 a.
593 1116 648 1155 81
692 1114 864 1156 eundem
899 1114 1072 1168 putavit
1112 1113 1373 1169 Boryhesius
1418 1113 1490 1169 (cf.
1535 1129 1668 1171 supra
1711 1117 1787 1160 sub
1837 1117 1883 1162 T.
1924 1116 2054 1161 Iunio

332 1182 573 1236 Montano).

245 1250 328 1292 495
360 1250 604 1304 MontanuS,
636 1256 764 1306 poeta
793 1249 911 1293 Ovid.
935 1264 986 1293 ex
1007 1250 1058 1294 P.
1080 1254 1118 1301 4,
1141 1253 1205 1302 16,
1228 1254 1280 1293 11
1300 1265 1383 1305 seq.
1445 1252 1491 1295 V.
1512 1266 1645 1308 supra
1672 1254 1750 1296 sub
1777 1253 1892 1297 Iulio
1923 1223 2052 1298 Mon-

329 1321 430 1361 tano
461 1319 511 1373 (I
531 1318 648 1373 291).
1774 1354 1776 1356 -

244 1386 328 1429 496
358 1386 613 1429 Montanus.
646 1386 699 1428 ad
730 1401 826 1428 eum
857 1387 1031 1442 scripsit
1061 1387 1228 1429 Plinius
1259 1402 1321 1442 ep.
1344 1391 1382 1439 7,
1403 1391 1476 1432 29.
1506 1391 1546 1440 8,
1570 1392 1607 1433 6.

244 1455 326 1496 497
357 1454 613 1496 Montanus:
645 1454 699 1496 ab
732 1470 780 1497 eo
812 1454 1018 1511 deceptus
1049 1455 1296 1499 Gordianus
1327 1450 1395 1499 III
1423 1457 1494 1499 vit.
1524 1457 1655 1500 Gord.
1687 1460 1757 1501 25.

244 1523 326 1564 498
357 1529 401 1565 L.
442 1529 715 1565 MONTANVS
761 1522 991 1579 proconsul
1032 1523 1266 1579 Bithyniae
1306 1525 1387 1567 sub
1426 1525 1600 1567 Nerone
1638 1538 1832 1568 nummus
1868 1526 2054 1570 ineditus

331 1591 579 1634 Nicaeensis
610 1591 947 1643 (communicavit
977 1591 1116 1646 Pick).

257 1684 314 1689 —-
356 1659 559 1716 Alpinius
588 1660 834 1702 Montanus.

359 1734 567 1770 OVRTIVS
597 1734 885 1771 MONTANVS.

356 1795 493 1838 Iulius
524 1796 769 1841 Montanus.

361 1870 402 1906 O.
434 1871 598 1907 IVLIVS
629 1871 916 1912 MONTANVS.

355 1938 398 1975 T.
429 1939 598 1975 IVNIVS
628 1939 916 1982 MONTANVS.

357 2000 551 2043 Licinius
581 2001 827 2043 Montanus.

358 2068 457 2113 Sex,
486 2068 672 2111 Traulus
702 2070 947 2112 Montanus.

356 2137 406 2178 L.
437 2137 674 2179 Venuleius
704 2138 950 2180 Montanus.

256 2229 313 2234 -—
354 2205 405 2248 L.
438 2206 676 2248 Venuleius
706 2206 939 2248 Montanus
968 2206 1260 2263 Apronianus.

256 2298 314 2303 --
358 2274 571 2316 Votienus
601 2275 848 2317 Montanus.

246 2342 326 2384 499
357 2343 586 2399 Morphus,
628 2346 918 2399 pantomimus
960 2343 1129 2386 celeber
1166 2346 1327 2387 Romae
1367 2344 1634 2402 temporibus
1666 2346 1823 2389 Galeni
1863 2347 2052 2391 Galenus

330 2414 416 2468 περὶ
446 2416 513 2454 τοῦ
545 2415 822 2469 προγινώσκειν
859 2415 955 2469 πρὸς
988 2412 1196 2470 Ἐπιγένην
1230 2415 1375 2471 βιβλίον
1405 2428 1439 2456 c.
1470 2417 1496 2456 6
1526 2414 1627 2469 (XI
1631 2414 1673 2457 V
1684 2429 1733 2469 p.
1756 2418 1835 2458 633
1862 2416 2050 2472 Kuelm).

257 2504 315 2508 —-
358 2486 513 2520 ATRIA
542 2486 827 2523 MOSOHARO.

246 2549 328 2589 500
358 2548 568 2603 Moschis,
620 2549 713 2592 fisci
754 2550 945 2592 debitrix
985 2564 1039 2591 ex
1080 2550 1366 2592 conductione
1407 2550 1630 2606 vectigalis
1670 2551 1835 2595 Paulus
1874 2552 1982 2596 libro
2016 2553 2050 2595 I

332 2615 589 2658 decretorum
618 2617 720 2672 Diy.
751 2621 817 2668 49,
852 2622 917 2669 14,
948 2621 1015 2662 47.

247 2685 372 2726 501s2
404 2684 620 2739 Moschus,
652 2685 845 2740 libertus,
877 2686 1121 2742 praefectus
1152 2686 1299 2729 classis
1331 2687 1412 2730 sub
1443 2686 1614 2730 Othone
1648 2687 1747 2731 Tac.
1777 2688 1818 2731 h.
1848 2691 1887 2740 1,
1917 2691 1986 2731 87.

264 2776 316 2781 -
362 2752 592 2794 Volcacius
621 2753 838 2796 Moschus

259 2844 316 2850 —
359 2826 572 2862 FLAVIVS
603 2827 913 2865 MOSCHYLVS.

247 2889 329 2930 503
358 2887 604 2942 Motilenus,
636 2890 879 2945 praefectus
909 2893 1138 2947 praetorio,
1168 2908 1194 2935 a
1215 2892 1452 2935 Commodo
1472 2907 1639 2935 veneno
1661 2894 1943 2951 interemptus
1962 2896 2052 2938 vita

333 2955 486 3000 Comm.
519 2960 557 3007 9,
589 2960 633 3001 2.

247 3024 331 3066 504
360 3024 571 3080 Mucapor
615 3025 840 3082 (Mucaper
882 3027 991 3082 vuly.
1038 3043 1106 3082 ap.
1148 3029 1378 3080 Victorem,
1419 3029 1491 3072 sed
1527 3033 1636 3072 recte
1674 3030 1884 3087 Mucapor
1923 3031 2052 3074 codem

340 3092 604 3146 Oxoniensis)
645 3093 757 3135 dux:
799 3095 889 3136 eius
929 3111 1061 3138 manu
1096 3096 1361 3139 Aurelianus
1402 3098 1568 3139 occisus
1609 3097 1712 3141 Vict.
1751 3098 1870 3142 Caes.
1900 3102 1976 3151 36,
1997 3103 2051 3152 2,·

331 3161 420 3202 vita
444 3160 668 3203 Aurelian.
700 3164 767 3212 35,
798 3165 847 3214 5,·
877 3163 991 3205 idem
1021 3179 1047 3206 a
1073 3165 1226 3207 Tacito
1258 3166 1533 3208 excruciatus
1564 3165 1668 3209 Vict.
1700 3166 1727 3209 l.
1759 3180 1792 3211 c.
1851 3167 2051 3224 Epistula

332 3228 557 3270 Aureliani
587 3229 643 3271 ad
674 3245 772 3271 eum
801 3230 959 3273 ficticia
987 3233 1058 3276 vit.
1089 3232 1314 3276 Aurelian.
1344 3237 1415 3284 26,
1444 3236 1484 3277 3.

247 3296 328 3339 505
358 3303 614 3339 MVOIANVS
655 3297 804 3340 consul
843 3299 939 3341 suff.
980 3315 1126 3342 mense
1165 3301 1275 3344 Nov.
1316 3316 1428 3344 anno
1465 3304 1631 3346 incerto
1660 3302 1910 3347 Bullcom.
1937 3305 2050 3348 1885

327 3379 377 3420 p.
407 3368 508 3409 162.

257 1753 315 1759 1

254 1888 313 2165 ΙΙΙΙΙ
