2190 3724
254 275 432 310 EPRIVS
1134 263 1189 305 38
1848 269 2065 305 Evaws

341 403 525 447 Claudia
568 405 596 443 t.
633 405 670 443 1.
741 399 961 442 Tribunus
1006 398 1192 441 militum
1236 397 1419 452 legionis
1462 398 1670 454 septimae
1713 398 1920 441 Claudiae
1962 399 2066 441 Piae

339 471 489 524 fidelis,
508 470 726 511 decemvir
748 467 937 510 stlitibus
962 466 1217 521 iudicandis,
1242 473 1446 522 quaestor
1466 466 1672 519 urbanus,
1695 467 1894 509 tribunus
1915 466 2065 524 plebis,

340 545 513 595 praetor
542 541 570 579 t.
592 541 635 580 2.
686 535 923 578 Proconsul
958 535 1206 590 provinciae
1235 534 1473 590 Hispaniae
1503 534 1706 576 Baeticae
1737 538 1765 577 t.
1787 538 1826 577 1.
1846 539 1889 579 2.
1938 536 2067 578 Prae-

340 607 476 648 fectus
507 606 645 647 aerari
675 603 873 645 militaris
905 606 932 645 t.
960 606 998 644 1.
1020 606 1063 646 2.
1115 601 1278 644 Consul
1308 606 1335 644 t.
1363 605 1401 652 1,
1433 602 1529 645 suff.
1551 618 1589 646 a.
1611 603 1694 647 inc.
1744 603 1948 645 Pontifex
1978 606 2006 645 t.
2027 607 2066 645 1.

342 672 578 717 Proconsul
607 673 858 729 provinciae
879 671 1010 713 Asiae
1039 674 1067 712 t.
1090 674 1128 714 1.
1150 674 1193 713 2.
1221 695 1279 700 —
1308 669 1430 712 Idem
1460 677 1508 712 ut
1537 670 1712 713 videtur
1740 671 1901 728 Caepio
1928 671 2067 727 Hispo

342 742 595 784 sententiam
624 742 669 782 in
700 746 852 782 senatu
882 739 992 793 tulit,
1025 739 1207 781 fortasse
1232 738 1382 780 consul
1403 738 1665 793 designatus,
1703 755 1740 782 a.
1774 740 1855 791 103
1886 739 1955 782 vel
1986 740 2068 782 104

341 811 461 853 Ptin.
485 824 545 863 ep.
567 812 606 859 4,
628 811 667 858 9,
690 812 742 850 16
765 805 1043 859 (consularem
1065 821 1157 849 eum
1183 810 1281 849 tune
1311 807 1442 860 fuisse
1462 810 1593 862 putat
1623 807 1909 862 Waddinyton
1937 808 2068 861 fastes

338 893 379 921 n.
411 881 503 927 119,
541 877 613 930 qui
632 876 982 931 proconsulatum
1012 876 1101 918 eius
1130 875 1371 917 Asiaticum
1401 875 1578 918 collocat
1612 889 1646 917 e.
1684 890 1723 918 a.
1759 878 1880 932 113);
1919 875 2068 918 consul

341 960 438 987 cum
468 944 631 987 Rubrio
665 944 790 988 Gallo
822 943 902 986 sub
932 944 1119 986 Traiano
1146 943 1248 998 th.
1270 947 1337 994 40,
1359 946 1398 994 5,
1421 947 1490 994 26,
1516 946 1544 985 7
1575 942 1781 995 (traditur
1813 943 1959 986 Caelio
1982 958 2067 998 pro

342 1013 591 1069 Caepione).
614 1037 668 1043 —
694 1013 838 1054 Huius
865 1025 1007 1054 servus
1037 1011 1266 1055 Onesimus
1298 1011 1527 1068 Caepionis
1557 1012 1766 1068 Hisponis
1798 1012 2069 1068 dispensator

343 1082 411 1124 VI
423 1084 543 1131 9357,
576 1081 750 1123 libertus
777 1083 826 1122 ut
853 1080 1016 1123 videtur
1052 1081 1117 1123 Ti.
1151 1080 1311 1136 Caepio
1342 1081 1637 1137 Hieronymus
1667 1081 1724 1123 ib.
1756 1105 1807 1111 -—
1852 1081 1932 1124 Vix
1959 1081 2069 1123 idem

342 1148 469 1203 (quod
497 1150 730 1191 coniecerat
759 1148 1061 1206 Waddinyton)
1092 1149 1152 1191 M.
1187 1148 1276 1191 Ca.
1297 1181 1305 1190 .
1326 1181 1335 1190 .
1354 1181 1363 1191 .
1395 1149 1484 1191 III
1506 1152 1614 1192 6079
1644 1169 1700 1183 =
1730 1149 1818 1191 III
1841 1149 1887 1193 S.
1912 1152 2035 1192 7128.

255 1244 313 1248 -
342 1225 385 1260 T.
418 1223 628 1259 CLODIVS
659 1223 837 1259 EPRIVS
869 1223 1187 1259 MARCELLVS.

256 1312 313 1317 —
342 1285 553 1328 Aemilius
583 1285 810 1341 Equester.
1890 1343 1892 1346 y

257 1356 312 1397 63
344 1354 475 1396 Erato
504 1354 704 1408 Tigranis
736 1354 816 1408 (ΙΙ)
848 1354 962 1408 regis
983 1353 1290 1396 Armeniorum
1320 1353 1421 1408 filia,
1456 1360 1624 1396 mortuo
1655 1360 1777 1410 patre
1808 1368 1906 1396 cum
1936 1353 2070 1397 fratre

342 1423 533 1477 Tigrane
564 1422 668 1477 (III)
701 1421 937 1478 eodemque
974 1423 1127 1464 marito
1169 1436 1352 1478 regnum
1390 1437 1468 1478 per
1506 1422 1670 1478 aliquot
1710 1437 1845 1464 annos
1883 1429 2067 1476 exercet,

344 1490 506 1547 (paullo
542 1496 641 1532 ante
672 1505 708 1532 a.
733 1490 833 1545 748)
873 1491 1034 1532 nummi
1060 1491 1258 1545 inseripti
1283 1490 1438 1548 Ἐρατὼ
1471 1491 1665 1548 βασιλέως
1690 1490 1881 1547 Τιγράνου
1913 1492 2069 1549 ἀδελφὴ

344 1574 412 1614 ap.
435 1558 639 1612 Lanyloz's
658 1572 771 1601 num.
795 1558 843 1600 de
863 1558 1092 1601 l'Arme'nie
1112 1573 1161 1614 p.
1181 1562 1259 1610 39;
1294 1559 1392 1601 Tae.
1416 1573 1455 1600 a.
1477 1562 1521 1608 2,
1543 1561 1570 1599 3
1591 1556 1681 1612 (qui
1699 1573 1847 1601 nomen
1875 1559 1952 1601 hoe
1982 1559 2071 1602 loeo

341 1641 427 1670 non
447 1627 614 1684 ponit);
645 1627 859 1682 siynifteat
884 1641 977 1669 eam
999 1630 1038 1669 et
1056 1628 1236 1680 fratrem
1267 1627 1440 1670 Ovidius
1464 1630 1546 1669 art.
1570 1630 1699 1669 amat.
1716 1630 1810 1670 195.
1851 1627 2069 1670 Defuncto

339 1695 473 1738 fratre
512 1709 645 1750 regno
686 1709 731 1736 se
771 1695 946 1737 abdicat
974 1694 1062 1738 Dio
1091 1698 1156 1746 55,
1186 1699 1276 1738 100¹.
1342 1695 1499 1737 Postea
1529 1710 1679 1737 rursus
1710 1697 1755 1738 in
1785 1709 1966 1750 regnum
1997 1696 2070 1738 ad-

342 1765 484 1819 missa,
507 1763 582 1806 sed
603 1763 725 1806 brevi
748 1763 873 1819 pulsa
899 1764 996 1806 Tae.
1016 1778 1055 1806 a.
1077 1768 1120 1814 2,
1132 1768 1170 1806 4.
1210 1764 1278 1818 Cf.
1302 1764 1540 1806 Mommsen
1558 1778 1667 1806 mon.
1679 1763 1787 1806 Ano.
1802 1778 1850 1819 p.
1867 1767 1958 1814 113,
1976 1767 2069 1806 114.

260 1833 315 1875 64
345 1832 468 1886 Eros,
501 1846 647 1874 rerum
677 1831 866 1886 Augusti
898 1833 943 1873 in
963 1831 1166 1888 Aegypto
1198 1839 1454 1888 procurator
1485 1834 1524 1886 (ὃ
1544 1833 1593 1875 τὰ
1614 1833 1655 1875 ἐν
1676 1831 1862 1891 Αἰγύπτῳ
1885 1833 2072 1887 διοικῶν),

343 1907 521 1956 propter
558 1899 779 1942 luxuriam
818 1901 874 1942 ab
914 1900 1112 1955 Augusto
1152 1900 1299 1943 servili
1339 1900 1550 1957 supplicio
1591 1901 1769 1943 affectus
1808 1900 2071 1943 Plutarchus

344 1968 632 2023 apophtheym.
657 1983 705 2023 p.
726 1972 813 2012 207
827 1968 882 2011 B.

259 2038 313 2080 65
343 2037 474 2091 Eros,
507 2036 743 2079 Aureliano
779 2042 857 2080 τῶν
895 2036 1042 2084 ἔξωθεν
1079 2038 1310 2095 φερομένων
1344 2039 1587 2095 ἀποκρίσεων
1619 2040 1791 2095 μηνυτὴς
1819 2039 2068 2095 τεταγμένος,

344 2106 418 2159 (ὡς
443 2106 487 2148 δέ
516 2121 616 2152 τινες
645 2107 871 2162 ἱστοροῦσιν,
901 2108 1153 2163 ὠτακουστὴς
1182 2107 1246 2148 καὶ
1276 2107 1583 2163 προσαγγέλλων
1614 2111 1674 2164 τῷ
1703 2109 1858 2165 βασιλεῖ
1883 2108 1932 2150 τὰ
1961 2109 2070 2164 παρά

341 2190 453 2216 τινων
499 2175 586 2231 περὶ
629 2174 747 2217 αὐτοῦ
791 2175 988 2230 λεγόμενα
1031 2174 1152 2217 addit
1195 2174 1409 2231 Zonaras)
1459 2181 1610 2216 auctor
1653 2175 1798 2217 caedis
1841 2174 2067 2217 Aureliani

342 2244 496 2286 Zosim.
519 2246 556 2293 1,
579 2245 657 2293 62;
688 2243 886 2285 Zonaras
906 2246 975 2293 12,
997 2246 1059 2286 27
1086 2243 1324 2297 (Mnesteus
1355 2243 1596 2298 appellatur
1623 2244 1695 2285 vit.
1726 2243 1874 2286 Aurel.
1895 2246 1979 2300 36).

255 2313 310 2356 66
341 2312 521 2354 Erotion
541 2310 695 2367 puella,
727 2310 907 2353 deliciae
927 2310 1152 2366 Martialis,
1175 2310 1379 2354 defuncta
1404 2325 1517 2354 anno
1549 2312 1666 2354 vitae
1695 2318 1817 2354 sexto
1839 2312 2068 2355 Martialis

340 2383 379 2431 5,
399 2383 464 2423 34.
486 2382 563 2430 37‚·
592 2383 658 2429 10,
681 2382 746 2421 61.

255 2473 312 2478 —-·
343 2455 386 2499 Q.
419 2454 662 2490 OCTAVIVS
692 2453 1022 2489 FORTVNATVS
1052 2454 1338 2490 ERVCIANVS
1371 2454 1564 2490 STELLA
1596 2454 1989 2491 STRATONIANVS.

255 2517 309 2559 67
340 2523 379 2558 C.
402 2522 615 2557 ERVCIVS
641 2522 845 2557 CLARVS.
889 2516 1160 2558 Memoratur
1188 2517 1235 2558 in
1265 2516 1387 2559 titulo
1405 2518 1553 2559 uxoris
1573 2516 1803 2571 Ephesino,
1835 2531 1903 2572 ap.
1935 2516 2064 2560 Wad-

341 2584 513 2639 dinyton
534 2584 591 2626 ad
618 2598 659 2626 n.
682 2587 817 2627 1842α
838 2582 895 2639 (1)
928 2587 967 2626 et
997 2585 1044 2626 in
1063 2584 1242 2639 Berytio
1268 2585 1352 2640 fila·
1370 2585 1460 2627 III
1471 2588 1551 2628 175
1571 2583 1648 2642 (2).
1696 2585 1881 2627 Erucius
1910 2584 2066 2628 Clarus

341 2656 369 2694 t.
396 2655 434 2706 1,
467 2652 516 2695 C.
547 2652 758 2694 Eruccius
790 2651 945 2694 Clarus
977 2651 1182 2704 (traditur
1213 2652 1375 2696 CIAPI
1406 2667 1491 2708 pro
1522 2652 1721 2708 CLARI)
1752 2657 1781 2696 t.
1806 2657 1861 2704 2,·
1894 2654 1941 2696 in
1970 2667 2065 2696 eon-

340 2719 482 2762 sulatu
502 2719 551 2763 C.
573 2720 759 2762 Erucius
781 2719 936 2763 Clarus
956 2720 1037 2763 XI
1049 2724 1142 2771 619,
1167 2724 1397 2775 praeterea
1417 2720 1585 2764 Clarus.
1632 2720 1794 2764 Consul
1820 2721 2065 2764 ordinarius

341 2803 378 2830 a.
409 2788 490 2830 170
529 2803 629 2830 cum
657 2788 717 2830 M.
750 2787 950 2831 Cornelio
982 2788 1174 2844 Cethego
1205 2790 1322 2843 fasti.
1388 2790 1580 2844 Legatus
1610 2804 1688 2846 pro
1720 2805 1786 2846 pr.
1814 2791 2066 2846 provinciae

338 2855 526 2898 Iudaeae
556 2857 657 2913 imp.
688 2856 747 2900 M.
780 2856 947 2899 Aurelii
978 2857 1187 2899 Antonini
1219 2855 1420 2911 (fortasse
1450 2871 1561 2900 anno
1591 2861 1684 2908 170,
1726 2871 1820 2900 eum
1857 2859 1904 2901 in
1943 2858 2065 2901 titulo

341 2924 574 2978 appelletur
613 2925 779 2977 ὕπατος,
818 2939 902 2967 non
939 2926 1138 2982 ὑπατικός)
1170 2929 1198 2968 t.
1230 2929 1268 2968 1.
1328 2926 1475 2969 Uxor:
1516 2926 1755 2982 Pomponia
1794 2926 1966 2969 Triaria
2005 2927 2062 2969 ib.

339 2991 461 3034 Filii:
502 2994 765 3048 Pomponius
807 2993 992 3036 Erucius
1024 2994 1219 3037 Triarius
1250 2997 1279 3036 t.
1310 2998 1365 3046 2,·
1403 2995 1507 3037 item
1546 3001 1594 3037 ut
1632 2994 1806 3036 videtur
1846 2994 1893 3038 C.
1925 2994 2063 3037 Iulius

341 3058 530 3102 Erucius
561 3059 727 3103 Clarus.

253 3129 307 3170 68
338 3128 397 3170 M.
415 3128 602 3170 Erucius
619 3128 772 3172 Clarus
790 3128 1067 3184 (praenomen
1086 3131 1270 3173 innotuit
1289 3144 1340 3173 ex
1360 3134 1388 3173 t.
1416 3130 1539 3173 VIII
1551 3133 1632 3172 170
1647 3150 1703 3165 =
1725 3130 1847 3173 VIII
1855 3130 1901 3174 S.
1914 3134 2059 3182 11451,

336 3196 457 3239 modo
485 3199 595 3239 recte
624 3198 838 3252 suppletus
866 3199 952 3255 sit),
985 3206 1107 3255 pater
1134 3199 1226 3241 eius
1256 3199 1331 3255 qui
1360 3199 1567 3255 sequitur,
1601 3213 1830 3241 causarum
1853 3205 2060 3255 patronus

341 3265 424 3306 ‘vir
454 3271 638 3319 sanetus,
680 3266 893 3321 antiquus,
935 3266 1134 3309 disertus'
1168 3266 1290 3309 Ptin.
1312 3281 1374 3321 ep.
1395 3270 1439 3317 2,
1461 3270 1500 3318 9,
1521 3270 1561 3311 4.
1621 3266 1714 3310 Aut
1742 3267 1812 3310 hic
1840 3273 1916 3311 aut
1947 3266 2060 3311 filius
2101 3270 2103 3273 ⁴

338 3332 522 3375 Erucius
552 3332 608 3375 ad
638 3347 766 3390 quem
796 3335 968 3390 scripsit
989 3334 1110 3377 Plin.
1132 3349 1193 3389 ep.
1213 3338 1251 3385 1,
1276 3337 1342 3377 16.
