2202 3724
0 0 51 255 Ι,

0 289 13 360 5>
45 305 232 343 MATIVS
911 302 994 346 355
1623 308 1859 345 MATvRvs

133 452 180 492 p.
203 437 320 492 208).
363 437 593 482 Hereditas
624 439 716 481 eius
747 438 867 482 adita
894 438 950 482 ab
970 439 1181 494 Augustis
1210 439 1375 483 Fronto
1406 439 1465 482 ad
1495 440 1562 483 M.
1599 439 1719 485 Caes,
1751 439 1860 493 (vere

133 506 192 548 ad
211 506 278 550 M.
299 506 418 562 imp.)
438 511 482 558 2,
508 510 557 549 16
578 522 626 561 1).
645 510 714 558 38,
744 508 798 562 ef.
817 507 876 550 ad
895 509 1016 552 amic.
1035 512 1075 559 1,
1096 512 1161 557 14,
1186 523 1234 563 p.
1252 511 1333 551 183
1350 508 1524 560 Naber,·
1544 510 1599 563 cf.
1622 509 1861 552 Mommsen

131 574 276 619 Herm,
305 578 394 630 81).
415 578 511 618 199.
531 578 629 619 209.
688 575 878 619 Praedia
907 576 1072 620 videtur
1100 577 1298 620 habuisse
1321 578 1368 620 in
1396 578 1557 631 Africa
1564 581 1717 632 postea
1731 579 1860 632 impe-

132 646 338 694 ratorum,
371 643 494 687 VIII
505 647 621 688 8812
651 645 706 698 cf.
731 645 823 689 itin.
844 645 1004 688 Anton.
1026 660 1075 700 p.
1099 648 1165 697 18,
1198 647 1284 689 tab.
1306 645 1500 701 Peutiny.
1523 646 1674 701 (VIII
1685 662 1734 702 p.
1752 646 1859 701 766).

134 712 394 755 Procurator
414 713 622 755 Matidiae
637 713 717 756 IX
732 716 854 756 3668.
890 714 975 756 ‘Ex
996 713 1255 756 liberalitate
1275 714 1571 757 Matidiarum’
1597 730 1665 756 res
1688 714 1862 771 publica

132 779 434 823 Vicetinorum
463 796 502 823 a.
525 781 608 824 242
641 787 826 823 statuam
856 782 1002 838 posuit
1026 782 1248 826 Gordiano
1280 786 1307 824 t.
1341 782 1551 825 Vicetinus
1582 783 1757 834 V3112‚
1787 783 1863 825 nbi

134 848 301 890 videtur
329 849 517 904 intelleyi
536 850 726 904 peon-nia
745 849 810 892 vel
827 849 990 892 reditus
1010 864 1112 905 qnos
1133 851 1232 894 olim
1259 851 1457 894 Vicetinis
1478 851 1740 894 donaverant
1759 851 1862 893 haee

131 916 325 959 Matidia
366 918 438 973 (of.
480 917 521 960 V
545 920 668 973 3111)
711 921 751 960 et
789 932 840 960 ea
878 932 987 972 qnae
1014 919 1259 973 praecedit,
1300 933 1385 962 nan
1424 919 1538 962 aliae
1575 921 1713 962 neseio
1756 933 1863 973 qnae

130 985 358 1028 Matidiae.

48 1053 132 1096 279
163 1059 204 1098 C.
227 1060 416 1097 MATIVS
439 1054 520 1109 (vel
538 1055 778 1110 MATTIVS)
801 1061 1030 1098 SABINIVS
1059 1062 1301 1099 SVLLINVS
1323 1063 1628 1099 VATINIANVS
1659 1062 1861 1098 ANICIVS

133 1129 366 1166 MAXIMVS
409 1129 734 1165 CAESVLENVS
777 1129 1054 1167 MARTIALIS
1098 1131 1358 1167 PISIBANVS
1399 1132 1626 1167 LEPIDVS.
1700 1124 1863 1167 Titulus

131 1190 345 1234 Gemonae
369 1206 456 1246 rep.
484 1191 653 1235 V1812
681 1191 858 1235 honores
888 1193 977 1235 sine
1008 1192 1154 1235 ordine
1178 1207 1438 1236 enumerans.
1488 1193 1537 1236 C.
1559 1193 1720 1236 Matius
1743 1193 1862 1236 Sabi-

132 1260 230 1302 nius
282 1259 476 1303 Sullinus
525 1260 786 1303 Vatinianus
841 1259 1021 1303 Anicius
1067 1261 1285 1303 Maximus
1331 1261 1597 1305 Caesulenus
1650 1261 1863 1304 Martialis

135 1328 365 1371 Pisibanus
394 1327 588 1385 Lepidus
629 1331 656 1373 t.
686 1328 978 1379 Gemonensis,
1010 1328 1057 1373 O.
1088 1329 1268 1372 Mattius
1300 1329 1493 1373 Sullinus
1524 1331 1633 1384 fasti
1659 1329 1864 1372 saliorum

134 1395 435 1439 Palatinornm
454 1397 651 1448 V119so,
667 1401 706 1440 3.
727 1397 867 1440 Tribu
880 1397 1049 1441 Collina
1065 1401 1092 1442 t.
1109 1398 1395 1442 Gemonensis.
1418 1400 1631 1442 Patricius
1643 1401 1700 1442 ib.
1723 1400 1865 1443 Salius

135 1463 360 1508 Palatinus
377 1466 449 1517 id„
472 1480 528 1508 ex
544 1481 630 1523 quo
648 1465 887 1508 sacerdotio
911 1467 1015 1508 exiit
1033 1482 1070 1511 a.
1090 1467 1172 1509 186
1193 1468 1302 1521 fasti
1314 1467 1544 1520 saliorum;
1564 1468 1722 1511 flamen
1738 1469 1865 1511 Iulia-

135 1549 218 1576 nus
254 1534 412 1590 (eodem
435 1538 484 1577 nt
504 1538 613 1590 puto
643 1549 755 1577 anno
785 1534 881 1589 186)
913 1538 941 1577 t.
974 1535 1102 1578 Sevir
1136 1536 1330 1592 equitum
1363 1536 1676 1588 Romanorum3
1718 1538 1865 1579 trium·

134 1603 205 1644 vir
233 1603 482 1657 monetalis3
522 1602 703 1646 allectus
731 1605 844 1645 inter
873 1605 1161 1660 quaestorios3
1192 1611 1367 1661 praetor
1397 1604 1676 1660 candidatusz,
1717 1606 1866 1648 consul

137 1672 234 1716 suff.
266 1687 304 1714 a.
335 1673 419 1714 inc.
452 1673 513 1714 tit.
544 1671 831 1715 Gemonensis.
893 1672 1079 1715 Curator
1119 1679 1162 1715 et
1196 1679 1402 1729 patronus
1431 1674 1787 1727 (Gemonensium
1819 1682 1867 1716 ut

137 1739 328 1791 videtur)
358 1740 417 1783 id.
462 1741 678 1784 Incertum
706 1755 808 1783 num
839 1741 950 1783 idem
981 1774 990 1783 .
1009 1775 1019 1783 .
1038 1775 1047 1784 .
1067 1775 1077 1784 .
1110 1741 1390 1797 [Pi]sibanius
1408 1742 1602 1799 Lepidus
1628 1744 1701 1797 qui
1727 1757 1866 1786 reeen-

133 1812 249 1852 setnr
286 1810 334 1851 in
372 1809 573 1852 laterculo
615 1809 757 1864 aliquo
798 1809 958 1853 inedito
993 1810 1160 1853 urbano
1196 1824 1286 1853 nna
1330 1824 1423 1853 enm
1464 1811 1668 1864 Quintillo
1710 1811 1865 1866 aliouo,

133 1876 328 1920 Cornelio
357 1877 535 1929 Dextro,
564 1877 714 1921 Curtio
741 1877 954 1933 Crispino.

54 1946 139 1988 280
168 1945 480 2001 Maia-onianus,
512 1946 757 2003 praefectus
791 1948 1009 2003 praetorio
1040 1947 1123 1990 sub
1151 1947 1311 1991 Carino
1341 1948 1411 1989 vit.
1440 1947 1595 1990 Carini
1621 1952 1686 1999 16,
1712 1952 1751 1993 4.

54 2015 135 2057 281
168 2014 388 2070 Matthias,
419 2014 593 2072 Iosephi
622 2014 815 2058 historici
846 2022 970 2071 pater
999 2016 1165 2070 Ioseph.
1193 2017 1266 2058 vit.
1287 2020 1331 2067 2,
1365 2016 1457 2059 bell.
1481 2031 1659 2071 prooem.
1682 2022 1719 2067 1,
1751 2032 1790 2060 a.
1813 2019 1867 2060 66

139 2082 276 2125 filium
314 2084 358 2125 in
391 2083 587 2128 Galilaea
625 2083 853 2139 degentem
891 2085 1119 2127 certiorem
1158 2084 1263 2127 facit
1302 2084 1356 2127 de
1392 2084 1524 2127 rebus
1555 2085 1868 2142 Hierosolymi-

139 2153 253 2194 tanis
282 2152 447 2207 Ioseph.
466 2153 539 2196 vit.
560 2156 627 2195 41.

54 2222 137 2263 282
167 2220 385 2276 Matthias,
418 2220 590 2277 Iosephi
621 2220 815 2264 historici
845 2221 981 2264 frater
1010 2221 1176 2276 Ioseph.
1206 2222 1278 2263 vit.
1304 2224 1348 2264 2.

55 2290 138 2332 283
168 2295 214 2331 L.
233 2295 519 2331 MATvcclvs
549 2295 806 2332 Fvscmvs.
855 2290 988 2332 Tituli
1017 2289 1249 2332 Numidiae
1280 2288 1404 2331 VIII
1419 2292 1532 2332 2501
1554 2288 1626 2343 (1).
1656 2293 1769 2333 2630
1790 2289 1867 2345 (2).

140 2361 255 2400 2637
282 2357 354 2413 (3).
396 2357 519 2400 VIII
541 2357 587 2400 S.
618 2360 755 2400 17857
779 2358 1021 2413 (4).17858
1051 2360 1110 2413 (5)
1142 2358 1389 2413 (praeterea
1425 2372 1574 2400 nornen
1615 2359 1703 2400 eius
1737 2359 1869 2412 fuisse

143 2426 386 2480 putandum
414 2429 475 2469 est
505 2425 631 2469 VIII
650 2426 790 2481 2653).
857 2427 1050 2482 Legatus
1089 2441 1168 2483 pro
1208 2441 1273 2483 pr.
1315 2425 1496 2480 legionis
1538 2426 1606 2468 III
1644 2427 1868 2481 Augustae

141 2497 170 2536 t.
204 2497 304 2545 1-5,
336 2510 375 2537 a.
402 2495 481 2537 158
514 2498 540 2538 t.
573 2499 611 2540 1.
641 2498 680 2538 5.
741 2494 904 2538 Consul
934 2495 1185 2550 designatus
1217 2498 1246 2536 t.
1276 2497 1316 2537 4.
1346 2497 1386 2545 5,
1417 2510 1455 2537 a.
1481 2495 1562 2537 158
1595 2498 1622 2536 t.
1651 2498 1678 2537 5
1709 2494 1870 2550 (consul

139 2562 274 2617 iyitnr
301 2562 467 2605 videtur
505 2564 637 2617 fuisse
677 2566 753 2605 aut
791 2564 884 2618 ipso
920 2577 1031 2606 anno
1060 2566 1142 2606 158
1172 2566 1247 2605 aut
1277 2577 1388 2605 anno
1419 2565 1527 2619 159).
1590 2562 1868 2605 ‘constitutio

141 2630 232 2673 divi
258 2631 326 2674 Pii
357 2631 412 2674 ad
433 2631 642 2674 Tuscium
673 2632 771 2686 (ser.
793 2631 1075 2686 Matuccium)
1106 2632 1369 2674 Fuscianum
1399 2630 1590 2686 legatum
1620 2631 1866 2673 Numidiae'

141 2699 244 2755 Diy.
273 2703 340 2751 37,
370 2704 410 2752 5,
438 2704 476 2752 7,
517 2701 629 2755 quod
664 2704 775 2744 reete
815 2701 874 2743 ad
906 2701 1016 2743 huno
1052 2700 1217 2743 rettulit
1244 2700 1484 2744 RenieriuS.
1544 2701 1670 2744 Uxor
1698 2699 1871 2743 Volteia

143 2768 372 2811 Cornificia
397 2772 426 2812 t.
446 2772 490 2813 2.
510 2794 569 2800 -
594 2770 810 2812 Patronus
841 2771 984 2812 nescio
1016 2770 1138 2812 cuius
1169 2770 1361 2825 corporis
1391 2768 1603 2812 Ostiensis
1632 2769 1759 2811 XIV
1770 2772 1868 2812 249.

56 2837 141 2880 284
171 2843 428 2880 MATVCCIA
457 2845 673 2881 FVSCINA
702 2839 754 2882 L.
786 2839 992 2882 Matuccii
1021 2839 1202 2880 Fuscini
1231 2837 1362 2892 legati
1393 2837 1623 2880 Numidiae
1653 2853 1691 2880 a.
1717 2838 1796 2880 158
1830 2843 1870 2877 et

143 2905 342 2948 Volteiae
370 2906 629 2949 Cornificiae
668 2906 757 2950 filia
788 2907 910 2950 VIII
931 2910 1052 2951 2630.
1119 2906 1286 2949 Eadem
1315 2909 1424 2961 puto
1463 2906 1680 2948 Matuccia
1720 2938 1869 2948 ......

144 2974 385 3029 (coynomen
409 2975 557 3030 periit)
587 2975 640 3017 L.
671 2975 700 3019 f.
731 2978 758 3019 t.
796 2975 1045 3017 Tiburtinus
1074 2974 1201 3017 XIV
1210 2977 1320 3018 3596
1349 2974 1473 3030 (anni
1500 2977 1612 3031 164).

59 3042 142 3085 285
173 3041 233 3086 M.
273 3042 488 3084 Maturius
528 3043 790 3098 Victorinus,
834 3044 907 3085 vir
944 3044 1168 3099 egregius,
1200 3057 1374 3099 praeses
1404 3043 1672 3099 (provinciae
1703 3043 1873 3084 Maure-

147 3111 290 3152 taniae
310 3111 588 3165 Tingitanae)
621 3118 664 3154 et
692 3118 900 3168 patronus
921 3111 1319 3155 Volubilitanor-um
1346 3115 1374 3155 t.
1401 3111 1724 3160 Volubilitanus,
1754 3110 1870 3153 Bull.

148 3177 207 3221 du
233 3179 384 3221 oomite'
421 3178 491 3221 des
530 3182 712 3222 travam:
746 3180 1019 3235 historiques,
1060 3181 1217 3223 seetion
1255 3179 1558 3234 d'arehe'oloyie
1586 3182 1696 3221 1891
1720 3182 1872 3233 p.140

143 3260 187 3289 n.
207 3250 299 3290 106.

61 3315 147 3359 286
175 3314 376 3358 Maturus
415 3315 630 3358 Arrianus
670 3316 747 3371 (sie
785 3316 874 3359 cod.
904 3316 1222 3359 Rieoardianus
1260 3316 1308 3359 in
1346 3315 1484 3358 indice
1515 3315 1573 3357 ad
1600 3329 1661 3369 ep.
1691 3317 1740 3364 4,
1768 3316 1797 3355 8
1835 3317 1874 3356 et

144 3387 185 3435 4,
215 3387 285 3435 12,
327 3383 543 3428 Arrianus
571 3384 770 3428 Maturus
800 3385 960 3428 codices
988 3398 1127 3428 omnes
1156 3399 1219 3439 ep.
1250 3388 1290 3435 3,
1320 3388 1352 3427 2
1389 3385 1434 3425 in
1478 3387 1618 3425 tenore
1656 3382 1872 3436 epistulae,

1525 3451 1597 3486 23*
