2202 3724
252 293 470 329 LICINIVS
1107 277 1189 319 278
1824 279 2043 316 LICINIVS

256 425 337 466 134
366 423 557 464 Licinius
578 418 888 471 Diocletianus,
917 417 984 457 vir
1006 415 1215 469 egregius,
1249 411 1512 467 temporibus
1534 410 1720 454 Gallieni
1746 417 1788 453 et
1817 410 2048 454 Saloninae

339 490 453 532 tituli
478 488 765 542 Aquileienses
795 485 836 527 V
853 487 946 527 856.
973 486 1066 525 857.

258 560 336 601 135
368 564 468 600 ΙΜΡ.
502 560 695 598 CAESAR
725 560 767 595 P.
797 557 1017 594 LICINIVS
1047 554 1296 603 EGNATIVS
1328 553 1610 588 GALLIENVS
1642 552 1755 590 AVG.
1811 546 1885 590 Sic
1914 547 2050 601 ipsum

340 626 425 667 dici
450 624 627 665 voluisse
658 620 837 663 ostendit
865 618 965 672 dipl.
996 617 1082 659 mil.
1116 616 1220 658 anni
1247 618 1331 658 254
1361 614 1488 669 (Eph.
1511 629 1573 668 ep.
1594 618 1621 656 4
1641 629 1689 668 Ρ.
1709 617 1789 657 515
1817 634 1873 649 =
1902 615 1990 657 III
2004 614 2050 658 S.

340 707 386 746 p.
408 690 536 744 2004)
571 691 624 743 cf.
639 692 865 743 praeterea
894 686 982 732 III
997 686 1043 729 S.
1067 687 1185 727 7971.
1215 683 1380 725 V8009
1404 683 1476 737 (=
1499 682 1626 725 Orell.
1647 685 1788 739 1008).
1826 682 1948 725 VIII
1960 685 2051 725 766.

340 763 434 803 960.
466 758 544 800 ΙΧ
569 760 692 801 2589.
736 756 785 798 Χ
810 758 930 797 5176.
959 756 1080 796 8033.
1123 752 1202 794 ΧΙ
1223 753 1342 793 4568.
1390 750 1513 793 CIG.
1544 753 1667 794 6830.
1707 750 1819 804 Eph.
1849 753 1896 801 5,
1928 753 2052 794 1128.

341 831 378 878 7,
399 830 492 869 579.
522 829 562 876 8,
585 828 677 874 770,
718 825 817 865 item
852 822 1011 864 nummi
1051 819 1327 874 complurium
1366 819 1599 860 civitatium
1626 818 1910 868 Graecarum,
1946 819 2056 860 inter

341 896 414 937 lios
443 893 649 936 notabiles
672 891 856 934 Nicaeni
885 905 952 944 ap.
977 889 1173 931 Mionnet
1195 887 1330 941 suppl.
1358 886 1399 928 V
1411 901 1458 940 p.
1481 889 1560 928 161
1574 899 1655 940 seq.
1685 900 1728 929 n.
1748 889 1840 929 935.
1862 888 2058 928 941-943

341 962 534 1015 inscripti
550 962 592 1004 Γ.
604 960 725 1017 Πουβ.
738 960 821 1002 Λικ.
832 958 964 1013 Ἐγνα.
982 957 1183 1012 Γαλληνὸς
1200 954 1292 1009 (sic)
1307 954 1403 1010 Αὖγ.
1421 954 1618 1008 (propter
1634 954 1787 1008 dupleoe
1797 967 2058 1008 praenomen

342 1032 397 1085 cf.
437 1030 511 1071 sub
545 1028 701 1082 patre).
760 1028 809 1069 P.
850 1026 1044 1068 Licinius
1090 1022 1312 1067 Gallienus
1355 1021 1476 1075 vulyo
1520 1022 1565 1064 in
1610 1022 1744 1064 titulis
1781 1023 2060 1076 numinisqu65

341 1099 536 1140 Licinius
575 1096 798 1140 Gallienus
830 1094 933 1136 Vict.
963 1092 1080 1135 CacS.
1106 1095 1172 1141 33,
1213 1091 1244 1133 Γ
1247 1092 1424 1136 αλλιενὸς
1463 1092 1483 1132 ὃ
1523 1092 1587 1132 καὶ
1621 1090 1835 1138 Λικινιανός
1865 1090 2061 1133 Malalas

344 1167 371 1208 l.
391 1166 497 1207 XII
512 1180 558 1219 p.
580 1167 666 1207 298
685 1163 837 1212 Bonn.,
870 1161 1093 1204 Gallienus
1117 1160 1342 1213 scriptores
1363 1158 1568 1212 plerique.
1618 1158 1844 1213 Πούπ[λιος]
1874 1159 2061 1206 Λικίννιος

344 1234 608 1291 Οὐαλεριανὸς
638 1231 853 1287 Γαλλιηνὸς
875 1242 1070 1284 papyrus
1101 1228 1206 1269 anni
1232 1228 1328 1277 255,
1370 1229 1510 1281 aqypt.
1541 1226 1766 1269 Urkunden
1797 1240 1876 1269 aus
1906 1226 1945 1269 d.
1977 1226 2058 1281 kyl.

347 1303 524 1345 Museen
544 1302 650 1355 fasc.
672 1300 706 1342 I
726 1314 767 1343 n.
789 1302 860 1348 20,
891 1297 1085 1340 similiter
1112 1296 1161 1338 Π.
1183 1296 1243 1338 Λι.
1265 1294 1336 1338 Οὐ.
1359 1294 1574 1352 Γαλλὶηνός
1593 1295 1756 1336 nummi
1774 1294 2062 1338 Alexandrini

348 1371 486 1425 primi
503 1367 774 1423 quadriennii
800 1369 875 1408 aut
906 1378 1042 1407 omnes
1074 1367 1148 1405 aut
1169 1377 1307 1418 paene
1338 1376 1475 1404 omnes
1500 1363 1669 1417 (postea
1696 1364 1888 1414 rarescit,
1918 1363 2015 1405 inde
2035 1377 2063 1404 a

346 1439 518 1494 septimo
550 1450 659 1478 anno
690 1435 842 1477 desinit
871 1432 971 1481 Οὐ).
1016 1432 1105 1474 Pro
1127 1430 1314 1476 Gallien-
1338 1445 1422 1473 non
1447 1445 1549 1473 raro
1570 1431 1756 1486 (Graece
1777 1431 2061 1485 potissimum)

348 1506 531 1560 Galien-,
557 1503 765 1547 interdum
786 1501 979 1545 Gallian-
1002 1500 1230 1555 (miliarius
1249 1499 1485 1552 Africanus
1506 1500 1550 1541 in
1568 1498 1680 1542 CIL.
1702 1499 1838 1554 suppl.
1861 1499 2064 1551 edendus,·

348 1575 509 1617 nummi
536 1570 852 1624 Alexandrini).

436 1644 484 1686 P.
506 1641 665 1684 Licinii
685 1638 908 1682 Valeriani
929 1637 1065 1690 filius,
1094 1642 1220 1677 natus
1251 1651 1287 1677 a.
1310 1635 1392 1677 218
1424 1635 1604 1691 (quippe
1624 1650 1834 1677 annorum
1854 1636 2064 1693 quinqua-

352 1711 494 1765 ginta,
537 1724 635 1751 cum
673 1706 941 1749 occideretur
972 1721 1010 1747 a.
1032 1705 1133 1759 268)
1167 1704 1307 1746 Victor
1337 1704 1434 1757 epit.
1461 1706 1527 1745 33.
1589 1703 1733 1745 Matri
1758 1717 1907 1746 nomen
1935 1704 2067 1758 fuisse

352 1778 566 1833 Eynatiae
587 1775 813 1830 probabile
843 1777 923 1824 est,·
954 1785 1055 1814 avus
1084 1774 1299 1813 maternus
1329 1785 1356 1812 a
1382 1770 1595 1812 nonnullis
1626 1770 1810 1812 creditur
1845 1770 2068 1814 Gallienus

352 1847 576 1890 Concessus
602 1845 671 1899 (cf.
691 1857 824 1897 supra
853 1841 893 1884 G
913 1841 1000 1895 24).
1045 1839 1154 1883 Cum
1180 1845 1303 1895 pater
1322 1838 1545 1893 Augustus
1566 1838 1704 1880 factus
1726 1845 1846 1894 esset,
1869 1854 1896 1881 a
1915 1846 2067 1882 senatu

356 1915 517 1957 Caesar
552 1918 719 1954 creatus
751 1911 891 1953 Victor
919 1908 1037 1952 Caes.
1068 1911 1138 1958 32,
1170 1908 1351 1961 Eutrop.
1385 1910 1422 1957 9,
1458 1910 1485 1948 7
1510 1906 1623 1962 (inde
1652 1906 1769 1951 Oros.
1802 1910 1840 1958 7,
1860 1911 1934 1958 22,
1957 1910 2012 1962 1),
2043 1923 2069 1950 a

356 1989 506 2025 senatu
525 1983 757 2037 imperator
778 1984 947 2020 creatus
967 1977 1072 2030 Rus.
1094 1975 1142 2018 F
1139 1979 1210 2018 est.
1232 1979 1301 2026 23,
1330 1990 1356 2016 a
1377 1981 1499 2031 patre
1519 1974 1743 2030 Augustus
1763 1975 1902 2018 factus
1929 1975 2070 2019 Victor

358 2052 454 2106 epit.
475 2053 535 2093 32
565 2050 617 2102 cf.
640 2048 793 2090 Zosiin.
817 2049 855 2096 1,
876 2049 940 2095 30,
975 2059 1061 2086 una
1090 2058 1189 2085 eum
1219 2049 1340 2099 patre
1366 2044 1598 2099 imperator
1618 2042 1756 2085 factus
1778 2043 1883 2086 Zon.
1904 2047 1975 2096 12,
1995 2048 2068 2088 23.

360 2119 460 2162 Non
485 2131 573 2160 una
603 2129 694 2157 cuin
716 2117 856 2168 patre,
887 2112 960 2154 sed
989 2125 1099 2154 anno
1125 2112 1357 2164 insequenti
1381 2110 1625 2153 Gallienum
1643 2111 1882 2166 Auyustum
1910 2113 2072 2166 facturn

360 2200 444 2229 esse
482 2186 548 2227 hic
590 2184 676 2226 illic
716 2182 918 2225 creditum
957 2184 1036 2231 est,
1077 2180 1151 2222 sed
1187 2181 1465 2234 refrayantur
1493 2183 1760 2222 monumenta
1780 2181 1974 2235 plurima
2001 2182 2072 2237 (cf.

359 2256 486 2298 inser.
508 2253 579 2297 sel.
602 2251 660 2294 ad
677 2265 718 2294 n.
738 2253 819 2293 538
845 2253 931 2292 not.
953 2248 1009 2303 3).
1059 2248 1099 2290 A
1121 2255 1241 2304 patre
1263 2249 1469 2290 Postumo
1490 2249 1739 2291 commissus
1757 2250 1830 2291 vit.
1850 2249 2073 2292 Aurelian.

361 2326 400 2374 8,
422 2326 453 2365 2
474 2319 644 2376 (fictio).
689 2317 850 2362 Consul
871 2317 960 2359 ord.
985 2332 1023 2359 a.
1046 2318 1130 2359 254
1150 2331 1249 2358 cum
1279 2322 1402 2373 patre
1425 2317 1580 2358 iterum
1609 2316 1727 2370 fasti.
1768 2316 1898 2372 (Ante
1916 2331 2074 2359 annum

361 2393 457 2440 254,
486 2390 666 2443 fortasse
696 2388 787 2441 ipso
819 2399 929 2427 anno
951 2387 1048 2435 253,
1078 2383 1320 2426 Gallienum
1350 2383 1556 2426 consulem
1583 2382 1803 2435 suffectum
1821 2384 1952 2438 fuisse
1972 2398 2075 2439 pro-

366 2460 466 2501 bare
499 2456 660 2499 studuit
695 2455 860 2497 Mowat
897 2456 1014 2495 nie'in.
1048 2453 1117 2495 des
1148 2454 1277 2506 antiq.
1309 2452 1357 2494 de
1386 2451 1557 2494 France
1585 2455 1649 2502 40,
1680 2454 1790 2494 1879
1809 2467 1858 2507 Ρ.
1879 2456 1961 2496 191
1979 2467 2075 2508 seq„

363 2526 436 2569 sed
463 2539 546 2568 non
568 2522 813 2579 persuasit).
871 2521 1032 2564 Consul
1063 2522 1218 2563 iterum
1248 2536 1285 2562 a.
1312 2521 1394 2563 255
1422 2535 1520 2562 cum
1550 2526 1673 2576 patre
1701 2522 1896 2575 tertium,
1928 2520 2080 2564 consul

366 2596 539 2637 tertium
569 2607 606 2634 a.
629 2592 710 2634 257
740 2605 837 2632 cum
862 2597 984 2646 patre
1015 2596 1227 2646 quartum,
1261 2588 1412 2630 consul
1431 2589 1497 2631 IV
1516 2603 1554 2630 a.
1576 2589 1654 2631 261
1685 2603 1783 2630 cum
1803 2588 1854 2631 T.
1875 2589 2079 2631 Petronio

367 2662 511 2704 Tauro
542 2659 799 2713 Volusiano,
835 2658 984 2700 consul
1015 2658 1055 2700 V
1086 2673 1123 2701 a.
1155 2659 1238 2700 262
1273 2672 1370 2699 cum
1408 2657 1690 2699 Faustiniano
1731 2657 1823 2698 sive
1857 2657 2078 2712 Faustino,

369 2729 517 2772 consul
552 2729 616 2771 VI
650 2743 688 2770 a.
718 2727 802 2770 264
837 2741 934 2768 cum
973 2726 1218 2780 Saturnino,
1264 2724 1414 2767 consul
1444 2726 1531 2768 VII
1561 2740 1598 2767 a.
1630 2726 1713 2768 266
1744 2739 1841 2767 cum
1872 2723 2081 2768 sabinillo

369 2798 488 2852 fasti.
508 2822 564 2826 ——
589 2795 765 2838 Archon
786 2795 968 2837 Athenis
987 2795 1058 2837 vit.
1084 2794 1268 2837 Gallien.
1288 2798 1353 2844 11,
1374 2797 1412 2845 3,
1444 2793 1605 2836 archon
1625 2794 1839 2835 Traianae
1859 2792 2083 2848 Augustae

371 2868 415 2908 in
437 2865 624 2908 Thracia
643 2863 760 2907 Bull.
783 2863 832 2904 de
853 2877 957 2904 corr.
980 2862 1074 2904 hell.
1097 2866 1122 2904 6
1144 2877 1191 2916 p.
1213 2865 1306 2904 185.
1334 2887 1384 2891 —
1409 2861 1519 2904 Cum
1539 2860 1832 2903 Mediolanum
1855 2860 2081 2915 obsideret,

372 2950 399 2977 a
418 2935 505 2976 suis
526 2933 690 2975 occisus
707 2925 784 2974 eit.
809 2930 991 2974 Gallicn.
1014 2934 1079 2980 14,
1101 2934 1151 2981 9;
1181 2930 1283 2973 Vict.
1302 2929 1418 2973 Caes.
1437 2932 1492 2972 33
1500 2942 1514 2981 ;
1541 2930 1636 2984 epit.
1659 2932 1718 2971 33
1726 2942 1740 2980 ‚·
1769 2929 1949 2983 Eutrop.
1970 2931 2011 2979 9,
2032 2931 2085 2971 11

374 3002 487 3058 (inde
506 3001 624 3044 Oros.
639 3003 674 3050 7,
692 3002 766 3049 22,
784 2998 876 3052 13),·
896 2999 1105 3040 Eusebius
1121 2998 1283 3049 chron.;
1304 2998 1399 3042 Zos.
1411 3001 1448 3049 1,
1465 3001 1520 3040 40
1530 3011 1543 3050 ‚·
1563 2998 1668 3041 Zon.
1685 3001 1754 3047 12,
1771 3000 1839 3041 25.
1870 2997 2088 3051 Regnavit

374 3085 508 3113 annos
529 3067 787 3125 quindecim,
808 3080 905 3107 cum
927 3071 1047 3121 patre
1069 3072 1242 3121 septem,
1267 3065 1381 3118 solus
1402 3071 1495 3107 octo
1523 3064 1663 3107 Victor
1684 3065 1779 3119 epit.
1799 3067 1865 3115 33,
1886 3064 2088 3119 regnavit

376 3152 509 3181 annos
540 3135 786 3192 quindecim
816 3134 883 3176 σὺν
913 3138 991 3180 τοῖς
1019 3138 1086 3175 τοῦ
1116 3135 1260 3190 πατρὸς
1282 3133 1440 3176 Zonar.
1461 3136 1530 3184 12,
1553 3135 1611 3175 25
1631 3132 1707 3187 (sic
1726 3132 1853 3174 etiam
1876 3131 2088 3174 Eusebius

376 3207 422 3248 in
450 3202 674 3258 chronico).
733 3201 913 3244 Occisus
945 3201 1111 3256 imperii
1138 3215 1248 3242 anno
1279 3216 1392 3243 nono
1421 3200 1602 3254 Eutrop.
1632 3202 1671 3250 9,
1698 3202 1750 3241 11
1760 3212 1773 3250 ,·
1802 3199 1904 3242 huic
1934 3213 2090 3241 novem

379 3287 589 3317 annorum
614 3271 805 3327 potentia
825 3268 907 3311 fuit
938 3268 1077 3310 Victor
1104 3268 1222 3312 Caes.
1243 3272 1307 3318 33,
1340 3269 1498 3311 scilicet
1507 3271 1610 3323 post
1629 3267 1913 3322 captivitatem
1923 3267 2091 3322 patris;

379 3342 534 3386 titubat
564 3342 711 3382 auctor
742 3339 814 3379 vit.
843 3336 1026 3379 Gallien.
1052 3339 1121 3386 21,
1153 3339 1202 3388 5,·
1230 3338 1392 3379 nummi
1419 3335 1707 3381 Alexandrini
1733 3335 1968 3389 frequentes
1986 3348 2091 3389 pro-
