2190 3724
131 279 294 316 FALCO
1020 274 1074 316 55
1104 280 1107 283 “
1702 280 1945 317 FARAXEN

130 435 189 441 —
223 416 266 461 Q.
297 415 505 452 ROSCIVS
548 416 758 453 COELIVS
799 417 1013 452 MVRENA
1054 417 1212 452 SILIVS
1253 417 1504 452 DECIANVS
1536 417 1801 453 VIBVLLIVS
1837 419 1946 453 PIVS

218 485 384 521 IVLIVS
415 485 676 521 EVRYCLES
707 486 1008 522 HERCLANVS
1038 485 1287 521 POMPEIVS
1318 486 1496 522 FALCO.

131 572 190 577 -
219 553 262 598 Q.
294 553 461 590 SOSIVS
492 554 667 592 FALCO.

130 641 190 647 —
218 623 270 660 M.
304 622 471 659 SOSIVS
501 623 754 658 AELIANVS
786 623 996 659 PONTIVS
1027 623 1204 661 FALCO.

131 710 189 715 —
220 690 361 727 SOSIA
391 690 721 730 FALCONILLA.

133 754 183 797 81
219 759 500 795 FALCONIVS
531 759 742 808 PROBVS,
782 754 1011 811 proconsul
1041 754 1172 796 Asiae
1211 754 1350 796 factus
1382 760 1479 810 post
1513 761 1693 797 mortem
1723 753 1948 797 Aureliani

221 823 266 864 in
295 821 438 864 locum
459 822 613 865 Arellii
634 823 765 864 Fusci
797 823 995 877 Vopiscus
1014 824 1102 864 viia
1123 822 1357 864 Aureliam
1373 826 1440 866 40.
1492 823 1666 865 Videtur
1684 823 1949 866 scribendum

218 889 444 933 Faltonius
474 891 644 933 Probus
675 892 729 945 cf.
752 891 897 935 Herm.
919 895 977 934 24
999 906 1046 945 1).
1066 894 1152 934 352
1180 894 1266 935 not.
1287 894 1326 934 3.

133 983 191 988 -
221 959 400 1003 Gratius
429 959 625 1001 Faliscus
654 973 692 1002 v.
724 960 934 1003 Grattius,

131 1052 191 1058 —-
217 1034 438 1069 MAECIVS
469 1034 750 1069 FALTONIVS
782 1034 1121 1072 NICOMACHVS.

133 1097 189 1139 82
218 1095 444 1138 Faltonius
474 1097 810 1150 Restitutianus,
852 1096 1187 1153 perfectissimus
1218 1098 1309 1151 vir,
1352 1096 1596 1153 praefectus
1627 1096 1807 1151 vigilum
1838 1098 1952 1139 inter

218 1179 353 1209 annos
392 1165 476 1208 226
518 1171 560 1206 et
599 1166 693 1222 244,
724 1164 791 1206 VI
812 1168 908 1207 266.
976 1166 1156 1207 Praescs
1196 1166 1496 1207 Mauretaniae
1537 1165 1828 1208 Caesariensis
1869 1166 1950 1208 sub

219 1233 439 1277 Gordiano
472 1236 501 1278 t.
531 1247 617 1276 ‘non
647 1233 765 1288 Ionye-
797 1248 824 1274 a
856 1234 975 1288 Sv‘tv'fi
1007 1237 1208 1288 repertus,
1252 1248 1321 1288 (φ.
1360 1233 1529 1287 Cafflmt
1564 1234 1733 1276 l'arme'e
1761 1235 1952 1276 romain-e

219 1301 446 1356 d'Afrique
466 1317 514 1357 p.
539 1305 634 1344 780.

134 1396 193 1401 -
220 1377 273 1415 Μ.
305 1377 475 1413 OPSIVS
504 1377 688 1413 NAVIVS
719 1377 1023 1415 FANNIANVS.

138 1463 193 1505 83
222 1462 428 1518 Fannius,
458 1462 625 1506 hostem
655 1478 753 1506 cum
783 1463 965 1518 fugeret,
999 1478 1044 1505 se
1076 1464 1166 1519 ipse
1196 1462 1411 1505 interfecit
1433 1463 1661 1505 Illarte'alis
1680 1467 1723 1513 2,
1745 1465 1813 1508 80.

139 1531 195 1574 84
224 1532 432 1587 Fannius,
465 1533 667 1574 inventor
697 1532 873 1574 chartae
902 1532 1154 1574 Fannianae
1176 1531 1350 1574 Plinius
1370 1532 1410 1576 h.
1431 1546 1472 1575 n.
1495 1535 1560 1582 13,
1586 1535 1648 1576 75.
1673 1535 1738 1576 78.

139 1600 194 1643 85
224 1600 273 1643 C.
306 1601 511 1656 Fannius,
544 1616 773 1643 causarum
803 1607 943 1655 actor,
976 1601 1148 1657 scripsit
1178 1602 1320 1642 exitus
1349 1601 1589 1642 occisorum
1626 1616 1652 1642 a
1680 1601 1854 1643 Nerone
1884 1608 1960 1644 aut

222 1668 527 1724 relegatorum,
560 1669 678 1726 quod
708 1685 815 1727 opus
846 1669 1144 1726 imperfectum
1174 1669 1349 1726 reliquit
1370 1669 1543 1711 Plinius
1564 1684 1625 1724 ep.
1646 1672 1686 1720 5,
1706 1672 1746 1713 5.

136 1737 192 1780 86
221 1744 442 1780 FANNIVS
475 1744 679 1794 CAEPIO,
722 1739 924 1795 princeps
966 1739 1274 1780 coniurationis
1314 1739 1359 1779 in
1398 1737 1649 1792 Augustum
1686 1753 1724 1780 a.
1757 1738 1840 1781 732
1870 1738 1958 1781 Dio

221 1809 287 1858 54,
308 1810 358 1858 3,·
389 1807 489 1851 Vell.
510 1811 553 1857 2,
587 1810 652 1852 91.
684 1811 762 1858 93;
799 1807 961 1850 Seneca
991 1807 1099 1851 brer.
1130 1808 1202 1851 vit.
1232 1810 1271 1857 4,
1302 1810 1351 1857 5,
1384 1806 1433 1849 de
1464 1806 1578 1850 clem.
1610 1810 1648 1856 1,
1680 1810 1719 1857 9,
1751 1810 1778 1849 6
1787 1820 1800 1858 ;
1840 1807 1957 1851 Suet.

222 1875 335 1930 Any.
358 1879 425 1920 19.
474 1876 716 1918 Maiestatis
747 1882 977 1918 accusatur
997 1891 1023 1918 a
1043 1876 1109 1920 Ti.
1134 1875 1306 1917 Nerone
1337 1881 1379 1917 et
1409 1875 1564 1917 absens
1590 1875 1822 1918 damnatur
1842 1876 1959 1920 Suet.

227 1944 317 1989 Tib.
337 1947 390 1996 8,·
420 1944 511 1987 Dio
542 1945 568 1988 l.
591 1959 624 1989 c,
684 1944 726 1987 A
767 1960 892 1987 servo
923 1944 1096 1987 adiutus
1136 1944 1284 1999 fugam
1323 1950 1526 2000 temptat,
1564 1944 1792 2000 Neapolim
1822 1959 1961 2000 usque

188 2032 197 2035 ·
221 2014 421 2070 pervenit
442 2013 639 2058 Macrob.
660 2017 741 2056 sat.
763 2017 802 2064 1,
825 2017 891 2064 11,
915 2017 986 2057 21.
1036 2012 1107 2055 Ab
1139 2012 1225 2055 alio
1257 2027 1382 2054 servo
1413 2012 1610 2069 proditus
1641 2012 1853 2055 occiditur
1872 2012 1960 2055 Dio

224 2082 250 2127 l.
273 2096 332 2134 e.,·
361 2082 462 2127 Vell.
486 2082 513 2125 l.
536 2096 569 2127 c,
631 2083 719 2125 Hic
759 2097 910 2124 servus
949 2097 976 2124 a
1013 2088 1140 2139 patre
1170 2082 1402 2138 Caepionis
1433 2083 1479 2123 in
1509 2096 1682 2124 crucem
1713 2087 1855 2136 actus,
1889 2081 1960 2123 ille

221 2153 510 2194 manumissus
530 2151 618 2194 Dio
639 2151 666 2196 l.
689 2165 722 2196 e.
756 2177 809 2182 —
841 2151 946 2194 Sine
976 2165 1108 2193 causa
1137 2150 1247 2193 idem
1268 2153 1454 2205 putatur
1483 2151 1623 2204 frater
1654 2149 1701 2194 G.
1724 2150 1958 2200 Proculeff,

223 2220 369 2274 Scipio
390 2220 525 2262 dictus
556 2235 583 2262 a
604 2220 896 2275 Porphyrione
927 2220 985 2262 ad
1003 2220 1111 2264 Hor.
1134 2234 1263 2264 carm.
1286 2223 1329 2270 2,
1351 2222 1422 2269 26,
1454 2220 1530 2261 ubi
1559 2219 1778 2273 corrz'qunt
1798 2218 1959 2275 Caepio

221 2289 293 2343 (cf.
317 2289 535 2343 Kiessliny
563 2303 617 2332 zu
647 2292 810 2344 auyust.
842 2288 1051 2331 Dichtern
1072 2303 1121 2343 p.
1142 2291 1195 2331 55
1226 2292 1310 2332 not.
1340 2287 1396 2341 9).

137 2357 191 2400 87
222 2358 274 2402 Τ.
304 2358 498 2400 Fannius
530 2357 719 2401 Sabinus
760 2358 884 2412 (pro-
913 2357 1056 2399 Fann-
1089 2357 1278 2399 traditur
1311 2356 1504 2410 Phann-;
1545 2356 1700 2399 fratres
1740 2361 1960 2398 curatores

221 2440 327 2480 quae
353 2426 562 2468 vocabula
581 2429 684 2480 post
710 2440 857 2468 nomen
879 2426 1011 2479 fuisse
1031 2425 1272 2475 tradantur,
1303 2425 1442 2467 iudice
1464 2425 1727 2484 Momm-{eno
1749 2427 1844 2466 orta
1864 2427 1962 2466 sunt

222 2498 298 2537 aut
326 2509 377 2537 ex
402 2495 440 2537 F
455 2530 465 2539 .
484 2494 520 2538 C
542 2498 617 2537 aut
636 2509 687 2537 ex
706 2495 748 2537 V
767 2528 776 2537 .
795 2494 863 2548 C.)
896 2495 1020 2537 tubus
1041 2494 1265 2549 plumbeus
1301 2494 1508 2536 Trebulae
1537 2508 1624 2548 rep.
1657 2493 1706 2535 X
1731 2495 1851 2537 4565.

136 2563 191 2606 88
221 2569 414 2605 FANNIA
443 2562 534 2605 filia
562 2564 610 2606 P.
643 2562 785 2606 Clodii
814 2563 1036 2605 Thraseae
1067 2563 1190 2605 Paeti
1212 2563 1333 2607 Ptin.
1356 2577 1417 2617 ep.
1442 2566 1479 2613 7,
1502 2565 1569 2613 19,
1591 2565 1619 2604 3
1649 2568 1692 2604 et
1715 2561 1872 2604 Arriae
1902 2561 1959 2605 id.

222 2635 261 2683 9,
282 2635 348 2683 13,
368 2635 419 2684 3;
454 2633 551 2675 Tac.
576 2646 615 2676 a.
637 2635 703 2683 16,
723 2635 778 2674 34
798 2632 892 2687 (ubi
914 2646 1064 2674 nomen
1093 2646 1178 2690 non
1199 2631 1410 2686 ponitur),
1439 2632 1581 2688 neptis
1603 2630 1817 2674 Caecinae
1839 2630 1961 2672 Paeti

224 2708 267 2743 et
285 2701 441 2743 Arriae
459 2702 634 2744 maioris
650 2700 770 2744 sz.
788 2715 850 2755 ep.
871 2703 910 2751 3,
933 2703 999 2751 16,
1020 2704 1064 2744 2.
1085 2703 1124 2750 3,
1148 2715 1260 2742 uxor
1276 2700 1469 2742 Helvidii
1492 2700 1668 2754 (Prisci)
1689 2698 1748 2743 id.
1771 2702 1809 2749 7,
1831 2701 1898 2748 19,
1919 2701 1959 2748 3,

223 2769 417 2812 Helvidii
448 2771 629 2812 iunioris
656 2784 845 2811 noverca
869 2769 926 2812 id.
949 2772 988 2819 9,
1011 2772 1076 2819 13,
1098 2772 1136 2811 3.
1198 2769 1273 2811 Bis
1303 2770 1506 2811 maritum
1532 2769 1577 2810 in
1608 2767 1787 2810 exilium
1813 2773 1962 2809 secuta

225 2845 290 2880 est
309 2838 366 2882 id.
390 2842 428 2889 7,
451 2842 517 2889 19,
538 2842 577 2880 4.
622 2838 729 2880 Eius
750 2844 905 2893 rogatu
926 2838 1175 2880 Herennius
1198 2838 1379 2880 Senecio
1405 2837 1538 2880 libros
1568 2837 1622 2879 de
1654 2837 1744 2878 vita
1765 2834 1959 2877 Helvidii

223 2907 362 2949 Prisci
392 2907 632 2964 composuit
659 2907 716 2951 ib.
747 2909 786 2949 5.
847 2906 1084 2962 Propterea
1114 2908 1289 2949 tertium
1330 2906 1520 2961 relegata
1560 2904 1794 2962 publicatis
1836 2903 1960 2946 bonis

224 2976 281 3020 ib.
303 2978 329 3018 6
359 2976 414 3030 cf.
441 2978 481 3026 3,
512 2979 578 3026 11,
609 2979 648 3019 3.
696 2974 767 3017 Ab
800 2974 929 3017 exilio
961 2975 1091 3017 rediit
1119 2990 1157 3018 a.
1189 2976 1243 3017 97
1274 2975 1332 3016 id.
1355 2978 1394 3025 9,
1417 2978 1482 3025 13,
1504 2978 1543 3017 5.
1592 2974 1805 3028 Aegrotat
1832 2975 1870 3021 7,
1893 2974 1959 3013 19.

223 3044 293 3086 De
323 3044 514 3087 moribus
546 3046 637 3087 eius
669 3045 725 3088 ib.

142 3112 196 3155 89
226 3112 430 3155 Faraxen
471 3112 664 3168 rebellis,
706 3113 752 3154 in
791 3112 1066 3154 Mauretania
1106 3112 1378 3155 Caesariensi
1420 3118 1573 3168 captus
1614 3118 1656 3153 et
1696 3108 1958 3158 interfectus,

229 3196 267 3223 a.
298 3182 382 3223 260
414 3181 483 3223 vel
513 3180 659 3238 paullo
690 3188 791 3223 ante
822 3181 945 3223 VIII
967 3184 1090 3225 9047.
1124 3205 1180 3211 —
1210 3180 1407 3224 Gentiles
1437 3181 1728 3223 Fraxinenses
1759 3178 1834 3234 qui
1864 3190 1960 3233 pro-

227 3250 417 3292 vinciam
446 3249 700 3292 Numidiam
730 3249 964 3292 vastabant
994 3250 1108 3291 caesi
1149 3249 1230 3292 sub
1262 3249 1311 3292 C.
1343 3249 1555 3291 Macrinio
1585 3248 1780 3290 Deciano
1818 3245 1960 3300 legato

226 3317 455 3360 Numidiae
486 3318 609 3360 VIII
630 3321 762 3368 2615,
804 3318 1010 3372 fortasse,
1049 3321 1097 3360 ut
1138 3318 1314 3360 coniecit
1344 3318 1603 3366 I‘Vilmamcs,
1644 3328 1793 3357 nomen
1829 3313 1882 3354 ab
1913 3325 1960 3354 eo

229 3388 473 3437 traxerunt;
503 3385 595 3429 dux
623 3400 771 3428 eorum
801 3386 1112 3428 famosissimus
1142 3392 1292 3443 captus
1317 3387 1388 3436 ib„
1420 3387 1509 3439 ipse
1538 3384 1758 3426 Fara.ren.
