2202 3724
100 263 319 299 LICINIVS
962 257 1045 300 275
1687 264 1906 300 LICINIVS

184 394 249 436 ita
267 396 424 436 certum
444 396 516 444 est,
548 408 598 435 ex
626 394 906 436 mentionibus
935 394 1146 444 Salonini,
1178 408 1284 448 quas
1312 395 1390 437 sub
1419 395 1559 448 fratre
1588 395 1750 437 minore
1768 408 1907 437 recen-

184 462 272 512 sui,
307 475 393 504 non
421 475 552 504 unam
582 462 809 505 alteramve
837 463 973 516 fratri
998 463 1158 505 maiori
1195 463 1460 505 tribuendam
1500 476 1597 506 esse.
1654 463 1766 516 Quid
1798 463 1910 517 quod

186 529 479 573 Alexandriae
513 531 641 584 etiam
676 531 800 573 annis
836 530 1028 574 Gallieni
1060 532 1204 585 quinto
1243 535 1283 574 et
1322 535 1437 574 sexto
1475 532 1567 574 cusi
1598 545 1683 575 esse
1715 531 1910 574 videntur

186 599 348 641 nummi
375 612 468 641 cum
497 599 570 642 Σα.
602 599 754 641 litteris
783 603 881 642 ante
911 599 1132 642 Valeriani
1158 614 1317 643 nomen.

272 666 314 710 A
355 666 554 710 Gallieno
595 667 801 710 Coloniae
841 667 1111 725 Agrippinae
1151 668 1348 723 relictus,
1399 675 1447 711 ut
1487 668 1652 712 Gallias
1694 676 1910 712 tutaretur

187 736 386 779 Zonaras
405 739 473 786 12,
496 739 555 779 24
581 737 636 789 cf.
660 735 757 779 Zos.
778 740 817 787 1,
840 739 909 787 38,
931 736 1005 779 sed
1027 743 1204 793 propter
1224 738 1496 792 iuventutem*
1515 737 1695 781 Silvano
1718 737 1908 791 (Albano

189 804 404 859 Zonaras)
441 803 613 846 cuidam
652 805 902 847 commissus
933 805 1127 848 Zosimus
1158 805 1184 847 l.
1215 819 1271 856 c.,
1310 806 1508 848 Zonaras
1543 806 1570 848 l.
1602 820 1636 848 c.
1697 806 1909 860 (Postumi

190 872 411 915 custodiae
439 873 692 932 commissus
722 874 818 928 triy.
842 876 921 928 tyr.
941 874 1000 928 3).
1043 873 1085 916 A
1110 875 1311 916 Postumo
1343 873 1503 933 rebelle
1526 874 1732 918 Coloniae
1753 874 1909 930 Agrip-

187 942 314 998 pinae
344 940 588 991 obsidetur3
620 940 778 983 deinde
807 941 981 984 deditur
1009 942 1213 984 Postumo
1239 958 1266 984 a
1295 943 1386 985 suis
1415 958 1503 985 una
1532 957 1631 984 cum
1662 942 1839 986 Silvano
1870 949 1913 984 et

188 1010 445 1052 interficitur
474 1009 668 1052 Zosimus
698 1010 916 1062 Zonaras,·
938 1013 976 1052 ‘a
1005 1011 1211 1053 Postumo
1242 1012 1287 1052 in
1318 1011 1462 1055 Gallia
1490 1011 1740 1054 interfectus
1771 1010 1913 1053 Victor

188 1079 287 1134 epit.
306 1081 390 1129 32,·
419 1078 517 1131 triy.
540 1080 619 1132 tyr.
639 1081 678 1122 3.
724 1078 1002 1132 Interfectum
1021 1091 1107 1121 esse
1128 1093 1239 1121 anno
1259 1082 1344 1122 259
1365 1079 1465 1121 olim
1485 1082 1723 1122 statuerunt
1733 1082 1912 1133 prffter

186 1159 377 1189 nummos
395 1145 715 1188 Alexandrinos
733 1159 862 1200 usque
892 1146 952 1188 ad
978 1148 1199 1201 septimum
1229 1161 1388 1189 annum
1414 1147 1606 1190 Gallieni
1625 1146 1911 1201 procedentes,

187 1215 451 1269 interfectum
471 1217 610 1256 autem
631 1227 717 1256 esse
740 1218 841 1268 post
871 1215 1128 1257 obsidionem
1150 1215 1329 1257 duorum
1350 1230 1558 1258 annorum
1581 1215 1645 1258 vel
1670 1218 1778 1257 certe
1809 1215 1914 1256 anni

186 1284 311 1326 umus
348 1297 476 1337 quam
515 1298 543 1325 a
578 1282 780 1325 Postumo
818 1284 1088 1334 sustentaret,
1122 1287 1355 1338 propterea
1394 1283 1506 1338 quod
1543 1283 1770 1326 Postumus
1811 1285 1913 1337 post

188 1366 362 1407 reynum
397 1351 534 1394 decem
571 1365 777 1394 annorum
817 1352 953 1395 vivere
994 1352 1165 1394 desierit
1203 1355 1302 1394 ante
1341 1366 1500 1394 annum
1529 1354 1619 1395 268
1653 1351 1914 1406 (Brequiyny

189 1422 308 1463 me'm.
343 1420 393 1463 de
423 1419 590 1462 l’Aead.
623 1419 695 1462 des
724 1421 851 1462 inser.
881 1423 911 1462 t.
941 1420 1082 1463 XXX
1099 1435 1148 1475 p.
1168 1423 1252 1462 338
1281 1421 1336 1475 ef.
1367 1420 1528 1463 Eekhel
1551 1423 1580 1462 7
1596 1435 1646 1474 p.
1666 1421 1777 1476 446).
1830 1418 1916 1462 Sed

188 1489 351 1533 nummi
369 1488 437 1531 illi
456 1489 624 1544 (quibus
644 1488 904 1544 adiunyendi
920 1492 1019 1531 sunt
1038 1502 1148 1532 unus
1168 1489 1324 1532 alterve
1344 1504 1395 1532 ex
1416 1503 1528 1531 anno
1547 1487 1737 1531 Gallieni
1758 1491 1912 1537 octavo,

187 1558 435 1601 Feuardent
465 1557 558 1600 coll.
589 1557 808 1600 Demetrio
832 1558 896 1600 II
909 1573 956 1612 p.
977 1561 1067 1602 252
1094 1572 1136 1600 n.
1156 1560 1285 1608 3184,
1323 1557 1451 1601 Coins
1487 1558 1539 1611 of
1560 1556 1831 1599 Alexandria
1870 1556 1916 1597 in

191 1627 258 1669 the
285 1626 454 1669 British
483 1626 600 1669 Mus.
623 1641 673 1681 p.
694 1629 783 1669 298
810 1641 851 1670 n.
872 1629 1009 1684 2298)
1038 1626 1233 1669 videntur
1271 1625 1544 1669 adtribuendi
1582 1639 1668 1668 esse
1705 1624 1770 1667 vel
1808 1627 1915 1667 certe

190 1695 382 1738 adtribui
403 1698 583 1750 possunt
608 1694 800 1738 Gallieni
826 1695 917 1750 filio
936 1695 1106 1745 minori,
1129 1698 1169 1737 et
1191 1694 1440 1737 Postumum
1463 1696 1598 1737 vicere
1627 1693 1796 1736 desiisse
1819 1696 1916 1735 ante

191 1779 232 1808 a.
262 1766 350 1807 268
376 1777 642 1818 nequaquam
671 1766 828 1806 certum
857 1767 929 1806 est.

277 1832 554 1876 Consecratus
578 1835 619 1875 et
637 1831 774 1875 dictus
794 1831 921 1874 divus
941 1832 1202 1875 Valerianus
1222 1831 1385 1875 Caesar
1403 1833 1567 1874 nummi
1586 1846 1656 1886 ap.
1675 1830 1815 1874 Oohen
1832 1829 1857 1873 l.
1882 1844 1915 1872 c.

189 1916 231 1944 n.
252 1905 296 1945 2.
315 1905 343 1944 4
363 1905 452 1953 cet„
475 1905 503 1944 t.
527 1901 791 1956 Ginyulanus
810 1901 892 1944 IX
907 1904 1034 1953 5682,
1060 1902 1188 1944 divus
1210 1901 1372 1945 Caesar
1392 1900 1651 1944 Valerianus
1670 1899 1830 1942 nummi
1858 1899 1914 1940 ib.

190 1985 232 2013 n.
255 1974 283 2013 7
311 1974 396 2022 eet„
428 1970 556 2013 divus
586 1970 749 2014 Caesar
778 1971 826 2015 P.
859 1970 1089 2014 Cornelius
1118 1971 1316 2014 Licinius
1346 1969 1607 2013 Valerianus
1638 1973 1667 2014 t.
1698 1969 1918 2022 Sitifensis

193 2039 316 2082 VIII
334 2041 457 2082 8473.
500 2039 698 2094 (Nummi
725 2041 922 2094 inscripti
949 2040 1050 2082 divo
1082 2039 1211 2083 Corn.
1240 2039 1326 2083 Sal.
1350 2038 1598 2093 Valeriano,
1620 2053 1689 2092 ap.
1710 2036 1871 2080 Eclchel
1893 2039 1920 2077 7

191 2122 240 2163 p.
260 2110 351 2151 422
379 2122 430 2150 coe
458 2107 698 2158 Bandurio,
731 2107 832 2150 divo
855 2107 979 2151 Caes.
1001 2107 1199 2151 Gallieno
1224 2108 1289 2150 vel
1308 2107 1362 2160 Q.
1384 2106 1596 2161 Gallieno,
1620 2121 1689 2161 ap.
1711 2105 1872 2148 Eckhel
1894 2109 1921 2147 7

186 2191 236 2231 p.
256 2179 349 2227 436,
383 2191 410 2218 a
428 2177 664 2219 recentibus
684 2191 950 2219 nummorum
971 2177 1298 2231 descriptoribus
1317 2190 1403 2218 non
1422 2176 1741 2231 confirmantur.
1791 2173 1920 2216 Falsi

189 2248 287 2288 sunt
318 2244 434 2302 tituli
462 2244 531 2287 VI
550 2244 703 2296 3471*,
737 2260 778 2288 a.
801 2244 858 2299 b.)

110 2315 190 2357 125
221 2313 270 2357 C.
286 2314 483 2356 Licinius
500 2313 717 2357 Cornutus
735 2314 1006 2358 Gabinianus
1026 2314 1290 2370 siynaculum
1310 2315 1496 2356 incertae
1517 2313 1696 2367 oriyinis
1711 2311 1919 2355 Gataniae

195 2382 462 2426 adservatum
480 2382 529 2425 X
547 2385 670 2434 8059,
689 2386 788 2427 230.

110 2452 192 2495 126
221 2458 274 2494 Μ.
294 2457 514 2493 LICINIVS
536 2457 751 2494 CRASSVS
774 2466 858 2496 cos,
877 2451 968 2494 ord.
985 2466 1022 2494 a.
1036 2451 1131 2493 724.
1172 2451 1337 2493 Titulus
1346 2450 1516 2492 Atticus
1533 2449 1686 2492 GIAtt.
1700 2452 1740 2499 3,
1752 2452 1850 2492 572.
1862 2473 1918 2478 --

194 2520 254 2562 M.
274 2519 319 2574 f.,
344 2519 404 2562 Μ.
425 2535 467 2563 n.
490 2520 599 2574 fasti
618 2519 721 2574 Cap.
743 2520 941 2574 triumph.
969 2520 1133 2574 (patris
1143 2533 1405 2574 praenomen
1426 2518 1530 2561 dant
1551 2519 1677 2560 etiam
1699 2520 1728 2560 t.
1750 2517 1919 2559 Atticus

195 2592 235 2632 et
252 2588 410 2632 Dionis
428 2588 515 2630 ind.
539 2588 566 2633 l.
586 2591 671 2644 51).
716 2588 862 2631 Filius
882 2590 1067 2642 putatur
1095 2588 1160 2630 M.
1187 2588 1350 2630 Licinii
1374 2586 1526 2630 Crassi
1553 2586 1788 2640 quaestoris
1814 2584 1918 2628 Gae-

193 2658 307 2700 saris
337 2657 559 2700 dictatoris
590 2671 703 2700 anno
730 2660 814 2699 700
844 2656 987 2712 (CaeS.
1021 2657 1058 2699 b.
1088 2656 1204 2700 Gall.
1235 2659 1275 2707 5,
1307 2658 1365 2699 24
1386 2655 1491 2710 cet),
1522 2667 1650 2709 nepos
1678 2654 1743 2698 M.
1772 2653 1921 2696 Crassi

195 2727 323 2770 occisi
337 2740 366 2768 a
381 2725 559 2768 Parthis
575 2740 614 2768 a.
627 2728 724 2769 702.
748 2725 888 2782 Capta
902 2726 1085 2768 Perusia
1100 2725 1155 2767 ad
1171 2739 1290 2767 mare
1306 2724 1502 2779 confugit
1511 2723 1689 2778 Appian
1706 2723 1742 2766 b.
1757 2736 1788 2764 c.
1800 2725 1839 2773 5,
1850 2725 1917 2766 50.

198 2795 300 2839 Sex.
331 2795 532 2852 Pompei,
562 2794 720 2837 deinde
749 2794 810 2836 M.
841 2793 1022 2836 Antonii
1052 2800 1197 2850 partes
1228 2799 1421 2847 secutus,
1453 2791 1731 2834 nihilominus
1762 2792 1920 2832 omissa

196 2869 399 2920 praetura
429 2862 579 2906 consul
607 2863 749 2905 factus
779 2878 818 2905 a.
840 2863 925 2906 724
951 2862 1040 2905 Dio
1063 2865 1130 2912 51,
1151 2866 1191 2913 4,
1224 2861 1390 2917 collega
1411 2860 1610 2904 Caesaris
1642 2858 1830 2902 consulis
1855 2859 1919 2900 IV

196 2932 314 2986 fasti.
374 2930 640 2974 Proconsule
669 2931 752 2986 (tit.
783 2931 894 2986 Att.)
929 2932 975 2973 in
1002 2930 1303 2973 Macedoniam
1332 2931 1492 2972 missus
1522 2944 1558 2972 a.
1583 2930 1678 2983 725,
1711 2928 1919 2970 Moesiam

197 3000 402 3055 subiecit,
433 3000 626 3043 Thraces
655 2999 834 3054 domuit,
866 2999 1111 3042 Deldonem
1139 2999 1450 3042 Bastarnarum
1485 3011 1633 3052 regem
1673 3011 1751 3038 sua
1788 3010 1920 3037 manu

198 3068 355 3111 occidit
383 3069 533 3111 Mvius
552 3082 648 3123 per.
684 3071 776 3111 134.
807 3071 887 3111 135
896 3081 910 3119 ;
937 3067 1103 3110 Florus
1130 3071 1174 3118 2,
1199 3071 1282 3119 26;
1315 3066 1405 3110 Dio
1433 3069 1498 3117 51,
1523 3068 1678 3110 23-27
1707 3064 1921 3119 (Zonaras

198 3141 265 3187 10,
285 3136 372 3191 32).
422 3136 729 3193 Triumphavit
760 3143 832 3178 ‘ex
861 3136 1076 3179 Thraecia
1105 3143 1148 3178 et
1178 3136 1344 3180 Geteis‘
1378 3134 1419 3179 d.
1450 3135 1491 3177 4.
1521 3133 1602 3182 Iul.
1634 3149 1672 3175 a.
1706 3133 1786 3174 727
1818 3132 1918 3185 fast.

199 3204 397 3259 triumph.
428 3196 543 3260 Gap..
563 3204 699 3260 (CIL.
730 3205 764 3247 I
777 3219 826 3259 p.
855 3205 953 3260 461)
987 3208 1026 3247 et
1054 3204 1191 3248 Barb.
1223 3205 1296 3259 (ib.
1328 3218 1375 3258 p.
1402 3205 1497 3253 478,
1530 3201 1591 3244 ed.
1621 3203 1653 3244 2
1684 3216 1729 3254 p.
1753 3200 1835 3253 77).
1865 3224 1920 3228 —

199 3273 476 3330 Imperatoris
506 3287 663 3315 nomen
692 3273 731 3315 ei
759 3272 1020 3327 denegatum
1050 3272 1138 3315 Dio
1168 3276 1234 3323 51,
1264 3274 1345 3323 25;
1378 3266 1658 3313 nihilominus
1690 3270 1923 3324 imperator

200 3341 440 3398 appellatus
471 3341 526 3383 ab
556 3340 893 3384 Atheniensibus
924 3342 988 3384 tit.
1010 3341 1102 3386 Att.
1134 3341 1187 3395 cf.
1217 3340 1452 3383 Mommsen
1481 3338 1666 3382 Staatsr.
1688 3337 1721 3379 I
1728 3337 1744 3361 ²
1767 3351 1815 3391 p.
1837 3339 1922 3379 123

198 3415 283 3454 not.
311 3414 351 3454 3.
1579 3417 1646 3452 18*
