2190 3724
254 292 286 326 D
295 291 499 327 OMITIVS
1132 284 1187 325 20
1816 289 2056 327 DOMITIVS

256 422 334 464 117
366 427 606 463 DOMITIVS
639 427 842 474 BALBVS,
874 419 1128 475 praetorius,
1162 433 1295 460 senex
1321 419 1579 474 pecuniosus
1601 424 1643 461 et
1664 418 1805 462 orbus.
1850 419 1905 462 Ei
1935 426 2060 464 testa-

340 496 532 532 mentum
562 504 588 530 a
616 488 858 544 propinquo
890 487 1133 541 subditum3
1165 486 1281 543 quod
1301 486 1559 529 maleficium
1579 487 1623 528 in
1644 493 1795 530 senatu
1815 490 2060 533 convictum

337 573 375 600 a.
406 558 457 599 61
498 557 595 599 Tae.
626 570 724 598 ann.
759 559 822 606 14,
855 560 921 597 40.

256 639 334 680 118
366 637 583 680 Domitius
615 635 898 690 Caecilianus,
931 651 986 677 ex
1016 636 1177 678 intimis
1208 635 1355 677 amicis
1385 634 1602 678 Thraseae
1638 635 1735 678 Tae.
1769 650 1866 679 ann.
1899 641 1964 689 16,
1993 642 2059 680 34.

256 717 335 759 119
367 716 581 758 Domitius
613 714 831 769 Calvinus,
864 721 1014 757 auctor
1044 715 1174 757 Plinii
1204 715 1322 757 Plin.
1354 715 1393 756 Ῐι.
1425 729 1466 757 n.
1498 718 1536 766 1,
1568 718 1632 757 11.
1664 718 1730 758 18.

255 798 336 839 120
368 803 444 838 CN.
484 801 723 836 DOMITIVS
767 801 1035 849 CALVINVS,
1078 794 1136 837 M.
1178 794 1207 836 f.
1238 794 1298 837 M.
1330 809 1371 836 n.
1415 792 1574 848 (patris
1608 797 1646 836 et
1677 795 1747 836 avi
1774 797 2061 849 praenomina

338 864 472 905 citant
502 866 599 905 aeta
638 863 834 917 triumph.
872 862 976 917 Cap.
1010 878 1049 905 a.
1084 867 1183 914 718,
1217 864 1362 917 patris
1392 876 1652 917 praenomen
1682 863 1809 906 etiam
1850 865 1963 908 tituli
1992 865 2060 908 VI

339 935 445 975 1301
468 934 506 973 et
526 931 573 972 X
590 934 711 981 8043,
734 934 790 987 1).
842 932 1024 973 Praetor
1045 947 1082 974 a.
1107 947 1148 974 u.
1170 947 1206 976 c.
1230 931 1335 985 6983
1363 930 1511 973 consul
1536 946 1573 974 a.
1597 931 1672 974 701
1692 947 1702 985 3
1733 947 1817 974 cos.
1840 933 1884 974 II
1904 948 1941 977 a.
1965 933 2061 976 714.

338 999 642 1055 Triumphavit
672 1014 727 1040 ex
758 999 973 1054 Hispania
1002 1015 1039 1042 a.
1071 999 1112 1041 d.
1144 999 1253 1042 XVI
1294 999 1338 1041 k.
1373 998 1523 1042 Sextil.
1555 1014 1592 1041 a.
1627 999 1708 1042 718
1740 1003 1838 1042 aeta
1863 1001 2061 1056 triumph.

336 1067 475 1122 Capit.
508 1071 547 1109 et
575 1068 676 1121 fast.
708 1068 809 1109 min.
839 1067 969 1110 XVI.
1019 1067 1223 1110 Pontifex
1255 1067 1322 1110 VI
1344 1071 1463 1110 1361.
1527 1067 1626 1110 Non
1655 1068 1818 1111 videtur
1856 1069 2064 1113 advixisse

340 1136 398 1178 ad
417 1135 632 1190 proelium
662 1135 900 1178 Actiacum.
966 1135 1033 1190 Cf.
1065 1136 1295 1178 Drumann
1324 1137 1412 1178 III
1426 1151 1473 1191 p.
1503 1140 1531 1178 3
1559 1150 1640 1191 seq.

257 1216 332 1258 121
367 1216 584 1257 Domitius
616 1215 752 1270 Celer,
787 1230 843 1257 ex
872 1216 1021 1258 intima
1051 1216 1220 1258 Pisonis
1250 1217 1450 1270 amicitia,
1486 1222 1583 1272 post
1614 1217 1813 1258 nuntium
1843 1216 1896 1259 de
1926 1223 2064 1260 morte

340 1284 587 1327 Germanici
608 1283 810 1338 adlatum,
834 1284 879 1325 in
901 1283 1042 1326 insula
1057 1283 1119 1326 Co
1142 1284 1318 1327 consilio
1344 1283 1502 1339 habito,
1527 1285 1686 1335 Pisoni,
1712 1291 1760 1327 ut
1776 1285 1946 1340 Syriam
1967 1300 2062 1341 pro-

340 1353 528 1394 vinciam
559 1358 792 1409 repeteret,
827 1354 981 1408 suasit,
1013 1354 1105 1410 ipsc
1135 1353 1394 1396 Laodiceam
1424 1352 1630 1409 adpulsus
1656 1352 1870 1408 legionem
1893 1347 2061 1396 ⁴sextam

342 1422 568 1477 temptavit
603 1421 701 1463 Tae.
735 1435 834 1464 ann.
865 1425 908 1472 2,
943 1425 1098 1464 77-79.

255 1502 336 1544 122
370 1507 446 1545 ΟΝ.
479 1507 719 1543 DOMITIVS
753 1507 981 1543 CORBVLO
1015 1501 1292 1555 (praenomen
1321 1502 1448 1544 habet
1476 1501 1564 1544 Dio
1593 1504 1660 1552 59,
1693 1503 1776 1557 15),
1811 1502 2064 1558 praetorius,

340 1584 378 1611 a.
396 1570 446 1611 21
473 1570 668 1624 queritur
700 1570 744 1611 in
775 1576 926 1612 senatu
947 1569 1001 1612 de
1032 1571 1315 1612 irreverentia
1335 1569 1491 1612 nobilis
1525 1570 1715 1621 iuvenis3
1741 1585 1845 1612 mox
1875 1571 1914 1612 ei
1945 1571 2065 1613 satis-

340 1637 503 1679 factum
539 1637 637 1680 Tae.
676 1652 716 1680 a.
746 1641 796 1688 3,
836 1641 903 1680 31.
963 1638 1069 1681 Vias
1100 1637 1252 1681 Italiae
1287 1639 1454 1680 incuria
1483 1640 1812 1693 magistratuum
1842 1644 1885 1681 et
1914 1639 2067 1682 fraude

340 1705 660 1762 redemptorum
681 1705 792 1748 male
813 1706 981 1749 habitas
1004 1721 1095 1749 esse
1113 1706 1350 1759 clamitans,
1370 1713 1596 1763 postquam
1618 1707 1760 1750 effecit
1779 1713 1826 1749 ut
1846 1708 2065 1764 inquisitio

342 1772 469 1816 huius
510 1775 572 1816 rei
613 1775 651 1816 ei
688 1775 989 1830 iniungeretur
1034 1775 1131 1818 Tae.
1173 1775 1200 1819 l.
1233 1789 1291 1826 e.,
1332 1774 1412 1817 sub
1452 1774 1562 1818 Graio
1603 1775 1871 1831 potissimum
1909 1775 2067 1819 multos

343 1843 693 1885 accusationibus
720 1842 790 1885 vel
822 1842 1109 1886 delationibus
1139 1850 1272 1886 vexat
1298 1843 1386 1886 Dio
1405 1847 1472 1894 59,
1496 1846 1571 1895 15;
1600 1859 1687 1899 qua
1713 1858 1760 1886 re
1787 1850 1936 1900 gratus
1956 1844 2066 1888 Gaio

343 1910 491 1952 consul
531 1910 670 1954 factus
712 1918 776 1954 est
816 1927 854 1955 a.
895 1918 943 1954 ut
982 1911 1157 1954 videtur
1197 1912 1264 1966 39,
1303 1911 1379 1954 sed
1417 1912 1498 1954 sub
1539 1910 1721 1955 Claudio
1761 1913 1920 1955 amittit
1958 1928 2068 1970 quae

343 1979 688 2022 accusationibus
734 1979 816 2022 illis
856 1979 1131 2022 lucrifecerat
1168 1980 1255 2022 Dio
1299 1981 1324 2022 l.
1367 1995 1399 2022 o.
1437 1981 1490 2034 ef.
1523 1984 1589 2031 60,
1621 1984 1679 2022 17
1716 1979 1787 2035 (of.
1830 1981 2068 2024 Mommsen

344 2047 529 2091 Staatsr.
552 2052 583 2091 2
603 2048 664 2092 ed.
686 2051 713 2090 3
735 2063 782 2103 p.
806 2052 916 2090 1078
943 2052 1029 2093 not.
1049 2053 1092 2099 2,
1122 2049 1195 2102 qui
1218 2050 1509 2092 narrationem
1527 2048 1684 2092 Dionis
1704 2050 1919 2104 pertinere
1940 2053 2071 2105 putat

345 2116 403 2158 ad
428 2131 520 2158 eum
547 2115 825 2159 Corbulonem
853 2117 926 2170 qui
953 2118 1170 2173 sequitur).
1191 2142 1249 2147 —
1279 2117 1398 2160 Idem
1429 2118 1612 2171 fortasse
1641 2117 1828 2162 Corbulo
1859 2119 1934 2175 qui
1965 2117 2068 2161 Cor-

343 2183 505 2226 nelium
547 2184 706 2227 Fidum
746 2184 893 2227 Ovidii
942 2186 1128 2228 Nasonis
1166 2199 1373 2240 generum
1418 2186 1462 2228 in
1507 2192 1659 2229 senatu
1702 2185 1880 2229 offendit
1923 2186 2069 2232 Seme.

344 2252 445 2295 dial.
477 2257 519 2303 2,
553 2256 618 2296 17.

262 2332 342 2375 123
374 2339 451 2374 CN.
483 2339 724 2376 DOMITIVS
757 2339 999 2375 CORBVLO.
1065 2333 1205 2375 Tituli
1236 2334 1323 2388 ipsi
1348 2334 1485 2388 positi
1512 2348 1597 2377 non
1627 2337 1783 2386 extant,
1814 2339 2071 2378 memoratur

344 2402 390 2443 in
419 2401 687 2443 Amneniaeis
718 2402 805 2443 III
825 2402 870 2444 S.
898 2405 1016 2443 6741.
1050 2405 1173 2445 6742.
1205 2406 1341 2445 6742a
1371 2401 1457 2458 (1),·
1486 2403 1531 2444 in
1561 2403 1816 2458 Palmyreno
1841 2403 1989 2447 Herm.
2015 2407 2068 2447 19

345 2483 392 2523 p.
407 2472 487 2512 514
510 2468 572 2525 (2)
585 2483 598 2520 ;
619 2470 664 2512 in
687 2469 857 2512 Gabino
873 2469 999 2512 XIV
1009 2473 1123 2514 2795
1144 2469 1227 2526 (3),·
1246 2471 1292 2513 in
1313 2472 1550 2525 fraymento
1571 2472 1736 2514 urbano
1757 2471 1825 2514 VI
1839 2475 1975 2515 16983
1995 2472 2068 2528 (4).

349 2537 546 2580 Nummi:
596 2540 636 2594 1)
677 2537 993 2580 Doeimensium
1033 2553 1082 2580 ea:
1120 2538 1331 2593 Phryyia,
1376 2540 1422 2581 in
1456 2542 1586 2593 parte
1627 2539 1804 2581 adversa
1845 2540 2070 2595 imayinem

343 2605 524 2648 Claudii
562 2619 654 2648 eum
692 2606 965 2660 inscriptione
1010 2606 1207 2654 Κλαύδιος
1247 2606 1402 2664 Καῖσαρ
1448 2607 1512 2649 rel
1550 2607 1609 2650 Τι.
1650 2606 1846 2651 Κλαύδιον
1886 2608 2070 2666 Καίσαρα

342 2674 551 2725 habentes,
585 2676 630 2716 in
660 2689 810 2717 aversa
843 2674 1023 2729 Cybelen
1052 2679 1091 2717 et
1121 2676 1438 2730 inscriptionem
1467 2675 1752 2734 Κορβούλωνος
1781 2676 1845 2719 vel
1874 2678 1937 2720 ἐπὶ
1965 2677 2069 2735 Κορ-

348 2743 545 2800 βούλωνος
575 2744 812 2794 ἀνθυπάτου,
845 2743 1047 2800 Δοκιμέων
1070 2744 1384 2799 (Waddinyton
1413 2745 1544 2798 fastos
1572 2758 1614 2787 n.
1639 2747 1722 2796 82,·
1753 2745 1843 2787 coll.
1875 2745 2070 2800 Imlooos,

347 2814 539 2865 corrupte
565 2812 761 2854 Mionnet
791 2812 836 2855 S.
870 2811 967 2854 VII
983 2814 1104 2867 555);
1140 2816 1187 2869 2)
1217 2813 1635 2856 Dioshieritanorum
1664 2827 1714 2856 ex
1734 2814 1886 2868 Istjdia,
1918 2815 1965 2857 in
1994 2815 2068 2857 ad-

347 2893 468 2922 versa
499 2879 639 2938 Νέρων
669 2879 846 2938 Καῖσαρ,
887 2881 933 2923 in
974 2895 1124 2923 aversa
1163 2881 1416 2940 Κορβούλων,
1450 2882 1718 2938 Διοσιερειτῶν
1748 2882 1963 2934 (Mionnet
1991 2883 2071 2925 IV

346 2951 412 2998 36,
443 2951 524 2990 186
534 2962 546 2999 ;
585 2948 874 3003 Waddinyton
901 2949 1033 3002 fastos
1060 2964 1102 2991 n.
1135 2953 1230 3007 68);
1258 2953 1301 3006 3)
1334 2950 1445 2992 alius
1464 2949 1891 3000 Dioshieritanorum,
1922 2951 2071 2992 unicus

349 3014 469 3066 (mus.
500 3016 711 3073 Arol3en)‚
753 3017 910 3059 liabens
950 3019 996 3059 in
1037 3018 1217 3061 adversa
1252 3019 1353 3066 Ζεὺς
1383 3019 1522 3075 Νέρων
1553 3017 1707 3075 Καῖσαρ
1739 3032 1832 3060 eum
1861 3019 2070 3073 capitibus

346 3084 461 3126 Iovis
492 3089 530 3127 et
563 3086 760 3136 Neronis,
794 3087 841 3128 in
871 3100 1020 3128 aversa
1050 3087 1332 3144 Διοσιερειτῶν,
1364 3087 1604 3145 Κορβοΰλων
1636 3086 1811 3139 (Eat-hel
1838 3090 1866 3128 3
1896 3101 1944 3141 p.
1975 3090 2069 3138 100,

348 3152 445 3194 inde
485 3153 682 3195 Mionnet
711 3153 790 3196 IV
818 3157 893 3205 36,
933 3156 1014 3197 185
1024 3168 1038 3206 ,·
1076 3155 1224 3197 melius
1266 3170 1334 3210 ap.
1377 3155 1490 3197 Pielt·
1529 3155 1731 3197 Zeitsclir.
1773 3156 1804 3208 f.
1848 3154 1977 3198 Num.
2017 3158 2075 3199 17

340 3234 390 3274 p.
421 3223 501 3263 181
530 3225 613 3263 not.
645 3224 704 3278 2).

435 3288 515 3331 Cn.
546 3289 764 3331 Domitius
795 3289 984 3333 Corbulo
1013 3293 1041 3333 t.
1073 3295 1098 3334 1
1129 3295 1167 3334 et
1195 3295 1222 3333 3
1252 3295 1291 3334 et
1323 3290 1410 3334 Dio
1441 3295 1506 3341 60,
1536 3294 1604 3341 30,
1634 3291 1853 3333 Domitius
1880 3290 2070 3334 Corbulo

351 3357 413 3398 rel
433 3356 622 3400 Corbulo
643 3357 807 3411 reliqui.
859 3356 994 3400 Filius
1018 3360 1109 3401 eius
1131 3365 1234 3415 puto
1255 3360 1328 3416 qui
1359 3358 1577 3415 praecedit
1597 3365 1640 3401 et
1659 3358 1858 3402 Vistiliae
1879 3358 1997 3402 Plin.
2028 3358 2067 3413 lt.
