<?xml version="1.0" encoding="UTF-8"?>
<!DOCTYPE html PUBLIC "-//W3C//DTD XHTML 1.0 Transitional//EN"
    "http://www.w3.org/TR/xhtml1/DTD/xhtml1-transitional.dtd">
<html xmlns="http://www.w3.org/1999/xhtml" xml:lang="en" lang="en">
 <head>
  <title>
</title>
<meta http-equiv="Content-Type" content="text/html;charset=utf-8" />
  <meta name='ocr-system' content='tesseract 3.04.00' />
  <meta name='ocr-capabilities' content='ocr_page ocr_carea ocr_par ocr_line ocrx_word'/>
</head>
<body>
  <div class='ocr_page' id='page_1' title='image "./prosopographiaim02akaduoft_0334.png"; bbox 0 0 2202 3724; ppageno 0'>
   <div class='ocr_carea' id='block_1_1' title="bbox 309 310 2110 355">
    <p class='ocr_par' dir='ltr' id='par_1_1' title="bbox 309 310 2110 355">
     <span class='ocr_line' id='line_1_1' title="bbox 309 310 2110 355; baseline -0.003 0"><span class='ocrx_word' id='word_1_1' title='bbox 309 320 506 355; x_wconf 88' lang='lat' dir='ltr'><strong>MAENIA</strong></span> <span class='ocrx_word' id='word_1_2' title='bbox 1168 310 1250 351; x_wconf 81' lang='grc'><em>322</em></span> <span class='ocrx_word' id='word_1_3' title='bbox 1895 314 2110 351; x_wconf 89' lang='lat' dir='ltr'>MAESIVS</span> 
     </span>
    </p>
   </div>
   <div class='ocr_carea' id='block_1_2' title="bbox 418 377 1709 385">
    <p class='ocr_par' dir='ltr' id='par_1_2' title="bbox 418 377 1709 385">
     <span class='ocr_line' id='line_1_2' title="bbox 418 377 1709 385; baseline 0 0"><span class='ocrx_word' id='word_1_4' title='bbox 418 377 1709 385; x_wconf 95' lang='lat' dir='ltr'><em> </em></span> 
     </span>
    </p>
   </div>
   <div class='ocr_carea' id='block_1_3' title="bbox 1946 379 2110 384">
    <p class='ocr_par' dir='ltr' id='par_1_3' title="bbox 1946 379 2110 384">
     <span class='ocr_line' id='line_1_3' title="bbox 1946 379 2110 384; baseline 0 0"><span class='ocrx_word' id='word_1_5' title='bbox 1946 379 2110 384; x_wconf 95' lang='lat' dir='ltr'><em> </em></span> 
     </span>
    </p>
   </div>
   <div class='ocr_carea' id='block_1_4' title="bbox 309 449 2117 1397">
    <p class='ocr_par' dir='ltr' id='par_1_4' title="bbox 310 449 1483 490">
     <span class='ocr_line' id='line_1_4' title="bbox 310 449 1483 490; baseline -0.004 1"><span class='ocrx_word' id='word_1_6' title='bbox 310 474 366 479; x_wconf 97' lang='lat'>—</span> <span class='ocrx_word' id='word_1_7' title='bbox 395 455 440 490; x_wconf 88' lang='lat' dir='ltr'><em>L.</em></span> <span class='ocrx_word' id='word_1_8' title='bbox 472 454 610 489; x_wconf 86' lang='lat' dir='ltr'><strong>IVLIA</strong></span> <span class='ocrx_word' id='word_1_9' title='bbox 640 451 861 487; x_wconf 85' lang='lat' dir='ltr'><strong>APRONIA</strong></span> <span class='ocrx_word' id='word_1_10' title='bbox 891 450 1090 486; x_wconf 88' lang='lat' dir='ltr'>MAENIA</span> <span class='ocrx_word' id='word_1_11' title='bbox 1122 449 1483 486; x_wconf 85' lang='lat' dir='ltr'><strong>SALAMALLIAS.</strong></span> 
     </span>
    </p>

    <p class='ocr_par' dir='ltr' id='par_1_5' title="bbox 311 510 2114 1119">
     <span class='ocr_line' id='line_1_5' title="bbox 311 510 2112 567; baseline -0.002 -9"><span class='ocrx_word' id='word_1_12' title='bbox 311 518 364 558; x_wconf 88' lang='grc'><em>56</em></span> <span class='ocrx_word' id='word_1_13' title='bbox 395 516 619 558; x_wconf 86' lang='lat' dir='ltr'><strong>Maeonius</strong></span> <span class='ocrx_word' id='word_1_14' title='bbox 643 513 718 566; x_wconf 87' lang='lat' dir='ltr'><em>(sic</em></span> <span class='ocrx_word' id='word_1_15' title='bbox 739 514 835 567; x_wconf 68' lang='lat' dir='ltr'><em>triy.</em></span> <span class='ocrx_word' id='word_1_16' title='bbox 859 516 958 567; x_wconf 75' lang='lat' dir='ltr'><em>tyr.;</em></span> <span class='ocrx_word' id='word_1_17' title='bbox 978 526 1126 554; x_wconf 82' lang='lat' dir='ltr'><em>nomen</em></span> <span class='ocrx_word' id='word_1_18' title='bbox 1145 525 1229 553; x_wconf 90' lang='lat' dir='ltr'><em>non</em></span> <span class='ocrx_word' id='word_1_19' title='bbox 1240 512 1364 565; x_wconf 86' lang='lat' dir='ltr'><em>ponit</em></span> <span class='ocrx_word' id='word_1_20' title='bbox 1381 510 1570 565; x_wconf 72' lang='lat' dir='ltr'><em>Zonar),</em></span> <span class='ocrx_word' id='word_1_21' title='bbox 1593 510 1808 553; x_wconf 88' lang='lat' dir='ltr'><strong>Odenathi</strong></span> <span class='ocrx_word' id='word_1_22' title='bbox 1829 512 2112 555; x_wconf 89' lang='lat' dir='ltr'><em>consobrinus</em></span> 
     </span>
     <span class='ocr_line' id='line_1_6' title="bbox 397 577 2114 637; baseline -0.001 -12"><span class='ocrx_word' id='word_1_23' title='bbox 397 585 492 637; x_wconf 60' lang='lat' dir='ltr'><em>trio.</em></span> <span class='ocrx_word' id='word_1_24' title='bbox 526 586 627 637; x_wconf 73' lang='lat' dir='ltr'><em>tyr.5</em></span> <span class='ocrx_word' id='word_1_25' title='bbox 670 581 815 623; x_wconf 83' lang='lat' dir='ltr'><strong>fratris</strong></span> <span class='ocrx_word' id='word_1_26' title='bbox 853 581 966 622; x_wconf 91' lang='lat' dir='ltr'><strong>filius</strong></span> <span class='ocrx_word' id='word_1_27' title='bbox 998 580 1276 636; x_wconf 80' lang='grc' dir='ltr'>(ἀδελφόπαις)</span> <span class='ocrx_word' id='word_1_28' title='bbox 1308 579 1506 621; x_wconf 90' lang='lat' dir='ltr'><em>Zonaras</em></span> <span class='ocrx_word' id='word_1_29' title='bbox 1537 577 1626 631; x_wconf 85' lang='lat' dir='ltr'><em>(sed</em></span> <span class='ocrx_word' id='word_1_30' title='bbox 1643 579 1895 633; x_wconf 72' lang='lat' dir='ltr'><em>procedente</em></span> <span class='ocrx_word' id='word_1_31' title='bbox 1926 582 2114 623; x_wconf 80' lang='lat' dir='ltr'><em>oratione</em></span> 
     </span>
     <span class='ocr_line' id='line_1_7' title="bbox 395 647 2111 708; baseline -0.001 -15"><span class='ocrx_word' id='word_1_32' title='bbox 395 651 581 708; x_wconf 83' lang='grc' dir='ltr'><em>ἀνεψιός),</em></span> <span class='ocrx_word' id='word_1_33' title='bbox 600 651 672 706; x_wconf 91' lang='lat' dir='ltr'><em>qui</em></span> <span class='ocrx_word' id='word_1_34' title='bbox 690 664 787 691; x_wconf 91' lang='lat' dir='ltr'><em>eum</em></span> <span class='ocrx_word' id='word_1_35' title='bbox 803 649 1018 691; x_wconf 82' lang='lat' dir='ltr'><em>interfecit</em></span> <span class='ocrx_word' id='word_1_36' title='bbox 1033 648 1154 690; x_wconf 89' lang='lat' dir='ltr'><em>Treb.</em></span> <span class='ocrx_word' id='word_1_37' title='bbox 1167 647 1305 690; x_wconf 85' lang='lat' dir='ltr'><em>Pollio</em></span> <span class='ocrx_word' id='word_1_38' title='bbox 1322 648 1418 702; x_wconf 70' lang='lat' dir='ltr'><em>triy.</em></span> <span class='ocrx_word' id='word_1_39' title='bbox 1432 651 1510 702; x_wconf 70' lang='lat' dir='ltr'><em>tyr.</em></span> <span class='ocrx_word' id='word_1_40' title='bbox 1522 650 1587 697; x_wconf 90' lang='lat'><strong><em>15,</em></strong></span> <span class='ocrx_word' id='word_1_41' title='bbox 1599 649 1728 699; x_wconf 86' lang='grc'><em>5.17;</em></span> <span class='ocrx_word' id='word_1_42' title='bbox 1750 647 1946 691; x_wconf 76' lang='lat' dir='ltr'><em>Zonaras</em></span> <span class='ocrx_word' id='word_1_43' title='bbox 1960 653 2029 699; x_wconf 93' lang='lat'><strong><em>12,</em></strong></span> <span class='ocrx_word' id='word_1_44' title='bbox 2042 653 2111 700; x_wconf 93' lang='lat'><strong><em>24,</em></strong></span> 
     </span>
     <span class='ocr_line' id='line_1_8' title="bbox 395 715 2109 771; baseline 0 -11"><span class='ocrx_word' id='word_1_45' title='bbox 395 726 437 761; x_wconf 89' lang='lat' dir='ltr'><strong>et</strong></span> <span class='ocrx_word' id='word_1_46' title='bbox 456 718 639 760; x_wconf 87' lang='lat' dir='ltr'><strong>filiorum</strong></span> <span class='ocrx_word' id='word_1_47' title='bbox 662 719 753 760; x_wconf 88' lang='lat' dir='ltr'><strong>eius</strong></span> <span class='ocrx_word' id='word_1_48' title='bbox 773 718 1010 759; x_wconf 87' lang='lat' dir='ltr'><strong>maximum</strong></span> <span class='ocrx_word' id='word_1_49' title='bbox 1032 716 1229 758; x_wconf 89' lang='lat' dir='ltr'><em>Zonaras</em></span> <span class='ocrx_word' id='word_1_50' title='bbox 1247 715 1272 757; x_wconf 90' lang='lat' dir='ltr'><em>l.</em></span> <span class='ocrx_word' id='word_1_51' title='bbox 1296 729 1329 758; x_wconf 87' lang='lat' dir='ltr'><em>c.</em></span> <span class='ocrx_word' id='word_1_52' title='bbox 1360 716 1466 757; x_wconf 83' lang='lat' dir='ltr'><em>Mox</em></span> <span class='ocrx_word' id='word_1_53' title='bbox 1486 716 1578 771; x_wconf 89' lang='lat' dir='ltr'><em>ipse</em></span> <span class='ocrx_word' id='word_1_54' title='bbox 1600 716 1813 758; x_wconf 82' lang='lat' dir='ltr'><strong>occiditur</strong></span> <span class='ocrx_word' id='word_1_55' title='bbox 1832 717 2039 760; x_wconf 75' lang='lat' dir='ltr'><strong><em>Zonaras.</em></strong></span> <span class='ocrx_word' id='word_1_56' title='bbox 2059 743 2109 748; x_wconf 94' lang='lat'><strong>—</strong></span> 
     </span>
     <span class='ocr_line' id='line_1_9' title="bbox 399 783 2112 842; baseline -0.001 -14"><span class='ocrx_word' id='word_1_57' title='bbox 399 787 654 842; x_wconf 78' lang='lat' dir='ltr'><strong>‘Imperator</strong></span> <span class='ocrx_word' id='word_1_58' title='bbox 675 785 916 842; x_wconf 86' lang='lat' dir='ltr'><em>appellatus</em></span> <span class='ocrx_word' id='word_1_59' title='bbox 936 799 1013 840; x_wconf 92' lang='lat' dir='ltr'><em>per</em></span> <span class='ocrx_word' id='word_1_60' title='bbox 1034 798 1223 826; x_wconf 88' lang='lat' dir='ltr'><strong>errorem</strong></span> <span class='ocrx_word' id='word_1_61' title='bbox 1249 783 1367 825; x_wconf 87' lang='lat' dir='ltr'><strong>brevi</strong></span> <span class='ocrx_word' id='word_1_62' title='bbox 1389 799 1415 825; x_wconf 93' lang='lat' dir='ltr'><strong>a</strong></span> <span class='ocrx_word' id='word_1_63' title='bbox 1433 783 1643 826; x_wconf 80' lang='lat' dir='ltr'><strong>militibus</strong></span> <span class='ocrx_word' id='word_1_64' title='bbox 1672 798 1750 839; x_wconf 89' lang='lat' dir='ltr'><em>pro</em></span> <span class='ocrx_word' id='word_1_65' title='bbox 1781 799 1885 826; x_wconf 86' lang='lat' dir='ltr'><em>suae</em></span> <span class='ocrx_word' id='word_1_66' title='bbox 1912 784 2112 827; x_wconf 84' lang='lat' dir='ltr'><strong>luxuriae</strong></span> 
     </span>
     <span class='ocr_line' id='line_1_10' title="bbox 389 851 2112 909; baseline 0 -14"><span class='ocrx_word' id='word_1_67' title='bbox 389 856 552 896; x_wconf 88' lang='lat' dir='ltr'><strong>meritis</strong></span> <span class='ocrx_word' id='word_1_68' title='bbox 581 854 862 909; x_wconf 82' lang='lat' dir='ltr'><strong>interemptus</strong></span> <span class='ocrx_word' id='word_1_69' title='bbox 893 858 970 894; x_wconf 80' lang='lat' dir='ltr'><em>est’</em></span> <span class='ocrx_word' id='word_1_70' title='bbox 1006 853 1102 906; x_wconf 70' lang='lat' dir='ltr'><em>triy.</em></span> <span class='ocrx_word' id='word_1_71' title='bbox 1134 855 1212 906; x_wconf 73' lang='lat' dir='ltr'><em>tyr.</em></span> <span class='ocrx_word' id='word_1_72' title='bbox 1244 855 1299 894; x_wconf 83' lang='lat'><em>17</em></span> <span class='ocrx_word' id='word_1_73' title='bbox 1327 852 1381 905; x_wconf 83' lang='lat' dir='ltr'><em>cf.</em></span> <span class='ocrx_word' id='word_1_74' title='bbox 1413 854 1478 902; x_wconf 88' lang='lat'><em>15,</em></span> <span class='ocrx_word' id='word_1_75' title='bbox 1509 854 1547 895; x_wconf 88' lang='lat'><em>5.</em></span> <span class='ocrx_word' id='word_1_76' title='bbox 1601 851 1776 902; x_wconf 82' lang='lat' dir='ltr'><em>Nomen,</em></span> <span class='ocrx_word' id='word_1_77' title='bbox 1809 867 1837 893; x_wconf 92' lang='lat' dir='ltr'><em>a</em></span> <span class='ocrx_word' id='word_1_78' title='bbox 1865 852 1952 894; x_wconf 89' lang='lat' dir='ltr'><em>solo</em></span> <span class='ocrx_word' id='word_1_79' title='bbox 1991 852 2112 895; x_wconf 91' lang='lat' dir='ltr'><em>Treb.</em></span> 
     </span>
     <span class='ocr_line' id='line_1_11' title="bbox 394 919 2111 975; baseline 0 -11"><span class='ocrx_word' id='word_1_80' title='bbox 394 922 584 964; x_wconf 88' lang='lat' dir='ltr'><em>Pollione</em></span> <span class='ocrx_word' id='word_1_81' title='bbox 613 922 805 972; x_wconf 78' lang='lat' dir='ltr'><em>relatum,</em></span> <span class='ocrx_word' id='word_1_82' title='bbox 837 921 1073 975; x_wconf 73' lang='lat' dir='ltr'><em>suspicione</em></span> <span class='ocrx_word' id='word_1_83' title='bbox 1100 934 1186 962; x_wconf 88' lang='lat' dir='ltr'><em>non</em></span> <span class='ocrx_word' id='word_1_84' title='bbox 1216 923 1352 971; x_wconf 88' lang='lat' dir='ltr'><em>caret;</em></span> <span class='ocrx_word' id='word_1_85' title='bbox 1393 920 1442 961; x_wconf 78' lang='lat' dir='ltr'><em>cle</em></span> <span class='ocrx_word' id='word_1_86' title='bbox 1470 919 1612 974; x_wconf 76' lang='lat' dir='ltr'><em>Voyue&#39;</em></span> <span class='ocrx_word' id='word_1_87' title='bbox 1639 920 1782 975; x_wconf 76' lang='lat' dir='ltr'><em>(Syrie</em></span> <span class='ocrx_word' id='word_1_88' title='bbox 1812 923 1953 971; x_wconf 71' lang='lat' dir='ltr'><em>centr„</em></span> <span class='ocrx_word' id='word_1_89' title='bbox 1984 921 2111 965; x_wconf 89' lang='lat' dir='ltr'><em>inscr.</em></span> 
     </span>
     <span class='ocr_line' id='line_1_12' title="bbox 393 987 2114 1044; baseline -0.001 -12"><span class='ocrx_word' id='word_1_90' title='bbox 393 991 524 1034; x_wconf 83' lang='lat' dir='ltr'><em>se&#39;rnit.</em></span> <span class='ocrx_word' id='word_1_91' title='bbox 548 1005 595 1044; x_wconf 90' lang='lat' dir='ltr'><em>p.</em></span> <span class='ocrx_word' id='word_1_92' title='bbox 617 993 671 1031; x_wconf 90' lang='grc'><em>31</em></span> <span class='ocrx_word' id='word_1_93' title='bbox 700 990 752 1043; x_wconf 82' lang='lat' dir='ltr'><em>cf.</em></span> <span class='ocrx_word' id='word_1_94' title='bbox 777 1004 825 1044; x_wconf 91' lang='lat' dir='ltr'><em>p.</em></span> <span class='ocrx_word' id='word_1_95' title='bbox 846 989 914 1039; x_wconf 86' lang='lat'><em>35)</em></span> <span class='ocrx_word' id='word_1_96' title='bbox 955 988 1160 1031; x_wconf 81' lang='lat' dir='ltr'><strong>detortum</strong></span> <span class='ocrx_word' id='word_1_97' title='bbox 1196 989 1239 1030; x_wconf 83' lang='lat' dir='ltr'><em>id</em></span> <span class='ocrx_word' id='word_1_98' title='bbox 1269 991 1398 1043; x_wconf 88' lang='lat' dir='ltr'><em>putat</em></span> <span class='ocrx_word' id='word_1_99' title='bbox 1437 1002 1487 1030; x_wconf 72' lang='lat' dir='ltr'><em>eo:</em></span> <span class='ocrx_word' id='word_1_100' title='bbox 1524 989 1691 1030; x_wconf 82' lang='lat' dir='ltr'><em>nomine</em></span> <span class='ocrx_word' id='word_1_101' title='bbox 1727 1002 1820 1031; x_wconf 78' lang='lat' dir='ltr'><em>vere</em></span> <span class='ocrx_word' id='word_1_102' title='bbox 1859 987 2114 1043; x_wconf 74' lang='lat' dir='ltr'><em>Palmyreno</em></span> 
     </span>
     <span class='ocr_line' id='line_1_13' title="bbox 397 1058 745 1119; baseline 0 -19"><span class='ocrx_word' id='word_1_103' title='bbox 397 1058 610 1100; x_wconf 88' lang='lat' dir='ltr'><em>Ma&#39;nnai.</em></span> <span class='ocrx_word' id='word_1_104' title='bbox 739 1117 745 1119; x_wconf 19' lang='lat' dir='ltr'><strong><em>s</em></strong></span> 
     </span>
    </p>

    <p class='ocr_par' dir='ltr' id='par_1_6' title="bbox 312 1129 2117 1323">
     <span class='ocr_line' id='line_1_14' title="bbox 312 1129 2117 1186; baseline -0.001 -11"><span class='ocrx_word' id='word_1_105' title='bbox 312 1133 365 1175; x_wconf 87' lang='lat'><em>57</em></span> <span class='ocrx_word' id='word_1_106' title='bbox 399 1133 623 1174; x_wconf 91' lang='lat' dir='ltr'><strong>Maeonius</strong></span> <span class='ocrx_word' id='word_1_107' title='bbox 662 1131 913 1186; x_wconf 78' lang='lat' dir='ltr'><strong>Astyanax,</strong></span> <span class='ocrx_word' id='word_1_108' title='bbox 957 1129 1134 1171; x_wconf 86' lang='lat' dir='ltr'><strong>consilio</strong></span> <span class='ocrx_word' id='word_1_109' title='bbox 1175 1144 1262 1186; x_wconf 91' lang='lat' dir='ltr'><em>quo</em></span> <span class='ocrx_word' id='word_1_110' title='bbox 1302 1129 1551 1171; x_wconf 77' lang='lat' dir='ltr'><strong>Macrianus</strong></span> <span class='ocrx_word' id='word_1_111' title='bbox 1589 1130 1823 1186; x_wconf 85' lang='lat' dir='ltr'><strong>imperator</strong></span> <span class='ocrx_word' id='word_1_112' title='bbox 1863 1129 2022 1173; x_wconf 87' lang='lat' dir='ltr'><em>electus</em></span> <span class='ocrx_word' id='word_1_113' title='bbox 2053 1137 2117 1173; x_wconf 87' lang='lat' dir='ltr'><em>est</em></span> 
     </span>
     <span class='ocr_line' id='line_1_15' title="bbox 395 1197 2112 1255; baseline -0.001 -13"><span class='ocrx_word' id='word_1_114' title='bbox 395 1200 533 1242; x_wconf 88' lang='lat' dir='ltr'><strong>adfuit</strong></span> <span class='ocrx_word' id='word_1_115' title='bbox 563 1199 780 1255; x_wconf 86' lang='lat' dir='ltr'><strong>verbaque</strong></span> <span class='ocrx_word' id='word_1_116' title='bbox 821 1199 866 1239; x_wconf 91' lang='lat' dir='ltr'><em>in</em></span> <span class='ocrx_word' id='word_1_117' title='bbox 906 1212 956 1239; x_wconf 91' lang='lat' dir='ltr'><em>eo</em></span> <span class='ocrx_word' id='word_1_118' title='bbox 995 1197 1110 1240; x_wconf 86' lang='lat' dir='ltr'><strong>facta</strong></span> <span class='ocrx_word' id='word_1_119' title='bbox 1147 1197 1314 1239; x_wconf 82' lang='lat' dir='ltr'><strong>rettulit</strong></span> <span class='ocrx_word' id='word_1_120' title='bbox 1344 1197 1478 1251; x_wconf 86' lang='lat' dir='ltr'><strong>(edita</strong></span> <span class='ocrx_word' id='word_1_121' title='bbox 1509 1197 1688 1240; x_wconf 88' lang='lat' dir='ltr'><strong>historia</strong></span> <span class='ocrx_word' id='word_1_122' title='bbox 1718 1204 1765 1240; x_wconf 88' lang='lat' dir='ltr'><strong>ut</strong></span> <span class='ocrx_word' id='word_1_123' title='bbox 1793 1197 1985 1253; x_wconf 88' lang='lat' dir='ltr'><strong>videtur)</strong></span> <span class='ocrx_word' id='word_1_124' title='bbox 2016 1200 2112 1253; x_wconf 76' lang='lat' dir='ltr'><em>triy.</em></span> 
     </span>
     <span class='ocr_line' id='line_1_16' title="bbox 395 1265 1664 1323; baseline -0.002 -13"><span class='ocrx_word' id='word_1_125' title='bbox 395 1272 560 1323; x_wconf 72' lang='lat' dir='ltr'><em>tyrann.</em></span> <span class='ocrx_word' id='word_1_126' title='bbox 592 1270 660 1318; x_wconf 90' lang='lat'><strong><em>12,</em></strong></span> <span class='ocrx_word' id='word_1_127' title='bbox 691 1270 729 1309; x_wconf 87' lang='grc'><em>3.</em></span> <span class='ocrx_word' id='word_1_128' title='bbox 789 1266 858 1320; x_wconf 78' lang='lat' dir='ltr'><em>Cf.</em></span> <span class='ocrx_word' id='word_1_129' title='bbox 890 1265 1016 1308; x_wconf 88' lang='lat' dir='ltr'><em>Peter</em></span> <span class='ocrx_word' id='word_1_130' title='bbox 1043 1265 1140 1308; x_wconf 79' lang='lat' dir='ltr'><em>hist.</em></span> <span class='ocrx_word' id='word_1_131' title='bbox 1169 1265 1293 1308; x_wconf 84' lang='lat' dir='ltr'><em>Rom.</em></span> <span class='ocrx_word' id='word_1_132' title='bbox 1324 1266 1480 1320; x_wconf 70' lang='lat' dir='ltr'><em>fraqin.</em></span> <span class='ocrx_word' id='word_1_133' title='bbox 1500 1280 1548 1320; x_wconf 89' lang='lat' dir='ltr'><em>p.</em></span> <span class='ocrx_word' id='word_1_134' title='bbox 1570 1268 1664 1308; x_wconf 84' lang='grc'><em>358.</em></span> 
     </span>
    </p>

    <p class='ocr_par' dir='ltr' id='par_1_7' title="bbox 309 1341 1398 1397">
     <span class='ocr_line' id='line_1_17' title="bbox 309 1341 1398 1397; baseline -0.004 -12"><span class='ocrx_word' id='word_1_135' title='bbox 309 1367 364 1371; x_wconf 85' lang='grc'>-</span> <span class='ocrx_word' id='word_1_136' title='bbox 397 1375 406 1384; x_wconf 95' lang='grc'><em>.</em></span> <span class='ocrx_word' id='word_1_137' title='bbox 425 1375 434 1384; x_wconf 95' lang='grc'><em>.</em></span> <span class='ocrx_word' id='word_1_138' title='bbox 453 1375 462 1384; x_wconf 93' lang='grc'><em>.</em></span> <span class='ocrx_word' id='word_1_139' title='bbox 480 1375 489 1385; x_wconf 89' lang='grc'><em>.</em></span> <span class='ocrx_word' id='word_1_140' title='bbox 521 1341 851 1397; x_wconf 78' lang='lat' dir='ltr'><strong>[QV]ADRATVS</strong></span> <span class='ocrx_word' id='word_1_141' title='bbox 882 1345 1168 1382; x_wconf 85' lang='lat' dir='ltr'>MAESIANVS</span> <span class='ocrx_word' id='word_1_142' title='bbox 1198 1346 1398 1382; x_wconf 84' lang='lat' dir='ltr'><em>OELSVS.</em></span> 
     </span>
    </p>
   </div>
   <div class='ocr_carea' id='block_1_5' title="bbox 311 1419 2113 1475">
    <p class='ocr_par' dir='ltr' id='par_1_8' title="bbox 311 1419 2113 1475">
     <span class='ocr_line' id='line_1_18' title="bbox 311 1419 2113 1475; baseline -0.001 -11"><span class='ocrx_word' id='word_1_143' title='bbox 311 1422 364 1464; x_wconf 85' lang='lat'><em>58</em></span> <span class='ocrx_word' id='word_1_144' title='bbox 398 1428 439 1465; x_wconf 86' lang='lat' dir='ltr'><em>O.</em></span> <span class='ocrx_word' id='word_1_145' title='bbox 469 1427 687 1463; x_wconf 89' lang='lat' dir='ltr'>MAESIVS</span> <span class='ocrx_word' id='word_1_146' title='bbox 715 1427 982 1472; x_wconf 77' lang='lat' dir='ltr'>AQVILLIVS</span> <span class='ocrx_word' id='word_1_147' title='bbox 1022 1427 1200 1462; x_wconf 88' lang='lat' dir='ltr'><strong>FABIVS</strong></span> <span class='ocrx_word' id='word_1_148' title='bbox 1242 1426 1476 1462; x_wconf 88' lang='lat' dir='ltr'><em>TITIANVS</em></span> <span class='ocrx_word' id='word_1_149' title='bbox 1519 1419 1780 1461; x_wconf 87' lang='lat' dir='ltr'><em>clarissimus</em></span> <span class='ocrx_word' id='word_1_150' title='bbox 1820 1420 1909 1474; x_wconf 83' lang='lat' dir='ltr'><strong>vir,</strong></span> <span class='ocrx_word' id='word_1_151' title='bbox 1953 1419 2113 1475; x_wconf 88' lang='lat' dir='ltr'><em>consul,</em></span> 
     </span>
    </p>
   </div>
   <div class='ocr_carea' id='block_1_6' title="bbox 396 1486 2195 1545">
    <p class='ocr_par' dir='ltr' id='par_1_9' title="bbox 396 1486 2195 1545">
     <span class='ocr_line' id='line_1_19' title="bbox 396 1486 2195 1545; baseline -0.001 -13"><span class='ocrx_word' id='word_1_152' title='bbox 396 1491 504 1532; x_wconf 89' lang='lat' dir='ltr'><strong>civis</strong></span> <span class='ocrx_word' id='word_1_153' title='bbox 544 1496 585 1531; x_wconf 84' lang='lat' dir='ltr'><strong>et</strong></span> <span class='ocrx_word' id='word_1_154' title='bbox 623 1495 828 1545; x_wconf 86' lang='lat' dir='ltr'><em>patronus</em></span> <span class='ocrx_word' id='word_1_155' title='bbox 870 1487 1061 1531; x_wconf 89' lang='lat' dir='ltr'><strong>coloniae</strong></span> <span class='ocrx_word' id='word_1_156' title='bbox 1102 1488 1405 1530; x_wconf 87' lang='lat' dir='ltr'><strong>Himereorum</strong></span> <span class='ocrx_word' id='word_1_157' title='bbox 1444 1486 1820 1529; x_wconf 83' lang='lat' dir='ltr'><strong>Thermitanorum</strong></span> <span class='ocrx_word' id='word_1_158' title='bbox 1860 1491 1888 1530; x_wconf 78' lang='lat' dir='ltr'><em>t.</em></span> <span class='ocrx_word' id='word_1_159' title='bbox 1927 1487 2115 1531; x_wconf 79' lang='lat' dir='ltr'><em>Thermi·</em></span> <span class='ocrx_word' id='word_1_160' title='bbox 2193 1491 2195 1493; x_wconf 81' lang='grc'><strong>’</strong></span> 
     </span>
    </p>
   </div>
   <div class='ocr_carea' id='block_1_7' title="bbox 317 1555 2122 2295">
    <p class='ocr_par' dir='ltr' id='par_1_10' title="bbox 395 1555 2120 2227">
     <span class='ocr_line' id='line_1_20' title="bbox 395 1555 2117 1610; baseline 0 -11"><span class='ocrx_word' id='word_1_161' title='bbox 395 1561 520 1600; x_wconf 84' lang='lat' dir='ltr'><em>tanus</em></span> <span class='ocrx_word' id='word_1_162' title='bbox 551 1557 728 1600; x_wconf 75' lang='lat' dir='ltr'><em>Siciliae</em></span> <span class='ocrx_word' id='word_1_163' title='bbox 757 1557 806 1599; x_wconf 92' lang='lat' dir='ltr'><strong><em>X</em></strong></span> <span class='ocrx_word' id='word_1_164' title='bbox 831 1559 948 1601; x_wconf 85' lang='grc'><em>7345.</em></span> <span class='ocrx_word' id='word_1_165' title='bbox 1009 1556 1194 1610; x_wconf 75' lang='lat' dir='ltr'><em>Aquillii</em></span> <span class='ocrx_word' id='word_1_166' title='bbox 1221 1570 1370 1598; x_wconf 81' lang='lat' dir='ltr'><em>nornen</em></span> <span class='ocrx_word' id='word_1_167' title='bbox 1395 1555 1559 1598; x_wconf 83' lang='lat' dir='ltr'><em>indicat</em></span> <span class='ocrx_word' id='word_1_168' title='bbox 1595 1559 1745 1598; x_wconf 82' lang='lat' dir='ltr'><strong>natum</strong></span> <span class='ocrx_word' id='word_1_169' title='bbox 1785 1571 1877 1598; x_wconf 82' lang='lat' dir='ltr'><em>euni</em></span> <span class='ocrx_word' id='word_1_170' title='bbox 1906 1557 2037 1610; x_wconf 76' lang='lat' dir='ltr'><em>fuisse</em></span> <span class='ocrx_word' id='word_1_171' title='bbox 2066 1571 2117 1600; x_wconf 78' lang='lat' dir='ltr'><em>ex</em></span> 
     </span>
     <span class='ocr_line' id='line_1_21' title="bbox 395 1623 2116 1680; baseline 0 -13"><span class='ocrx_word' id='word_1_172' title='bbox 395 1625 589 1680; x_wconf 77' lang='lat' dir='ltr'><em>Aquillia</em></span> <span class='ocrx_word' id='word_1_173' title='bbox 620 1625 766 1678; x_wconf 79' lang='lat' dir='ltr'><em>aliqua</em></span> <span class='ocrx_word' id='word_1_174' title='bbox 774 1638 787 1676; x_wconf 89' lang='lat'><strong><em>;</em></strong></span> <span class='ocrx_word' id='word_1_175' title='bbox 817 1638 943 1679; x_wconf 86' lang='lat' dir='ltr'><em>nepos</em></span> <span class='ocrx_word' id='word_1_176' title='bbox 971 1625 1154 1678; x_wconf 82' lang='lat' dir='ltr'><em>fortasse</em></span> <span class='ocrx_word' id='word_1_177' title='bbox 1182 1624 1268 1677; x_wconf 80' lang='lat' dir='ltr'><em>fuit</em></span> <span class='ocrx_word' id='word_1_178' title='bbox 1292 1625 1339 1678; x_wconf 75' lang='lat' dir='ltr'><em>Q.</em></span> <span class='ocrx_word' id='word_1_179' title='bbox 1370 1623 1541 1678; x_wconf 79' lang='lat' dir='ltr'><em>Aquilii</em></span> <span class='ocrx_word' id='word_1_180' title='bbox 1571 1623 1703 1678; x_wconf 72' lang='lat' dir='ltr'><em>Niyri</em></span> <span class='ocrx_word' id='word_1_181' title='bbox 1732 1624 1800 1679; x_wconf 90' lang='lat' dir='ltr'><em>(X</em></span> <span class='ocrx_word' id='word_1_182' title='bbox 1827 1624 1968 1679; x_wconf 85' lang='grc'><em>7287),</em></span> <span class='ocrx_word' id='word_1_183' title='bbox 1996 1639 2116 1678; x_wconf 78' lang='lat' dir='ltr'><em>quem</em></span> 
     </span>
     <span class='ocr_line' id='line_1_22' title="bbox 395 1692 2118 1748; baseline 0 -13"><span class='ocrx_word' id='word_1_184' title='bbox 395 1694 505 1735; x_wconf 88' lang='lat' dir='ltr'><em>inter</em></span> <span class='ocrx_word' id='word_1_185' title='bbox 523 1696 690 1747; x_wconf 89' lang='lat' dir='ltr'><em>nepotes</em></span> <span class='ocrx_word' id='word_1_186' title='bbox 709 1706 807 1735; x_wconf 90' lang='lat' dir='ltr'><em>suos</em></span> <span class='ocrx_word' id='word_1_187' title='bbox 825 1693 1022 1735; x_wconf 78' lang='lat' dir='ltr'><em>habuisse</em></span> <span class='ocrx_word' id='word_1_188' title='bbox 1045 1693 1171 1734; x_wconf 82' lang='lat' dir='ltr'><strong>etiam</strong></span> <span class='ocrx_word' id='word_1_189' title='bbox 1193 1692 1371 1734; x_wconf 78' lang='lat' dir='ltr'><em>alterurn</em></span> <span class='ocrx_word' id='word_1_190' title='bbox 1390 1692 1579 1734; x_wconf 81' lang='lat' dir='ltr'><em>Fabium</em></span> <span class='ocrx_word' id='word_1_191' title='bbox 1604 1692 1819 1734; x_wconf 84' lang='lat' dir='ltr'><em>Titianum</em></span> <span class='ocrx_word' id='word_1_192' title='bbox 1840 1693 1908 1748; x_wconf 72' lang='lat' dir='ltr'><em>(Q.</em></span> <span class='ocrx_word' id='word_1_193' title='bbox 1929 1692 2118 1735; x_wconf 83' lang='lat' dir='ltr'><em>Fabium</em></span> 
     </span>
     <span class='ocr_line' id='line_1_23' title="bbox 399 1760 2118 1816; baseline -0.001 -13"><span class='ocrx_word' id='word_1_194' title='bbox 399 1761 627 1803; x_wconf 81' lang='lat' dir='ltr'><em>Caesilium</em></span> <span class='ocrx_word' id='word_1_195' title='bbox 663 1762 891 1812; x_wconf 83' lang='lat' dir='ltr'><em>Titianum,</em></span> <span class='ocrx_word' id='word_1_196' title='bbox 922 1774 1056 1816; x_wconf 79' lang='lat' dir='ltr'><em>supra</em></span> <span class='ocrx_word' id='word_1_197' title='bbox 1084 1761 1132 1803; x_wconf 90' lang='lat' dir='ltr'><em>F</em></span> <span class='ocrx_word' id='word_1_198' title='bbox 1156 1760 1225 1815; x_wconf 86' lang='lat'><em>16)</em></span> <span class='ocrx_word' id='word_1_199' title='bbox 1262 1761 1378 1803; x_wconf 84' lang='lat' dir='ltr'><em>docet</em></span> <span class='ocrx_word' id='word_1_200' title='bbox 1407 1761 1554 1803; x_wconf 86' lang='lat' dir='ltr'><em>titulus</em></span> <span class='ocrx_word' id='word_1_201' title='bbox 1582 1761 1630 1804; x_wconf 92' lang='lat' dir='ltr'><strong><em>X</em></strong></span> <span class='ocrx_word' id='word_1_202' title='bbox 1659 1763 1782 1804; x_wconf 92' lang='grc'><em>7287.</em></span> <span class='ocrx_word' id='word_1_203' title='bbox 1842 1760 1928 1803; x_wconf 89' lang='lat' dir='ltr'><em>Per</em></span> <span class='ocrx_word' id='word_1_204' title='bbox 1947 1764 2118 1815; x_wconf 82' lang='lat' dir='ltr'><em>patrem</em></span> 
     </span>
     <span class='ocr_line' id='line_1_24' title="bbox 398 1828 2118 1884; baseline -0.001 -13"><span class='ocrx_word' id='word_1_205' title='bbox 398 1833 538 1884; x_wconf 89' lang='lat' dir='ltr'><em>potest</em></span> <span class='ocrx_word' id='word_1_206' title='bbox 567 1831 699 1884; x_wconf 82' lang='lat' dir='ltr'><em>fuisse</em></span> <span class='ocrx_word' id='word_1_207' title='bbox 727 1843 855 1884; x_wconf 89' lang='lat' dir='ltr'><em>nepos</em></span> <span class='ocrx_word' id='word_1_208' title='bbox 883 1829 945 1871; x_wconf 81' lang='lat' dir='ltr'><em>vel</em></span> <span class='ocrx_word' id='word_1_209' title='bbox 967 1842 1180 1884; x_wconf 89' lang='lat' dir='ltr'><em>pronepos</em></span> <span class='ocrx_word' id='word_1_210' title='bbox 1209 1828 1255 1871; x_wconf 77' lang='lat' dir='ltr'><em>(J.</em></span> <span class='ocrx_word' id='word_1_211' title='bbox 1288 1829 1452 1871; x_wconf 89' lang='lat' dir='ltr'><em>Maesii</em></span> <span class='ocrx_word' id='word_1_212' title='bbox 1485 1829 1648 1871; x_wconf 91' lang='lat' dir='ltr'><em>Titiani</em></span> <span class='ocrx_word' id='word_1_213' title='bbox 1676 1832 1715 1870; x_wconf 90' lang='lat' dir='ltr'><strong>et</strong></span> <span class='ocrx_word' id='word_1_214' title='bbox 1743 1828 1950 1871; x_wconf 78' lang='lat' dir='ltr'><em>Fonteiae</em></span> <span class='ocrx_word' id='word_1_215' title='bbox 1978 1829 2118 1871; x_wconf 90' lang='lat' dir='ltr'><em>Fron-</em></span> 
     </span>
     <span class='ocr_line' id='line_1_25' title="bbox 398 1896 2119 1954; baseline -0.001 -14"><span class='ocrx_word' id='word_1_216' title='bbox 398 1899 511 1940; x_wconf 84' lang='lat' dir='ltr'><em>tinae</em></span> <span class='ocrx_word' id='word_1_217' title='bbox 547 1898 833 1940; x_wconf 77' lang='lat' dir='ltr'><em>consularium</em></span> <span class='ocrx_word' id='word_1_218' title='bbox 868 1897 938 1952; x_wconf 88' lang='lat' dir='ltr'><em>(X</em></span> <span class='ocrx_word' id='word_1_219' title='bbox 966 1900 1102 1954; x_wconf 83' lang='grc'><em>7346).</em></span> <span class='ocrx_word' id='word_1_220' title='bbox 1173 1896 1240 1951; x_wconf 83' lang='lat' dir='ltr'><em>Cf.</em></span> <span class='ocrx_word' id='word_1_221' title='bbox 1281 1901 1455 1939; x_wconf 76' lang='lat' dir='ltr'><em>stemma</em></span> <span class='ocrx_word' id='word_1_222' title='bbox 1486 1897 1752 1951; x_wconf 81' lang='lat' dir='ltr'><em>propositum</em></span> <span class='ocrx_word' id='word_1_223' title='bbox 1792 1911 1820 1939; x_wconf 88' lang='lat' dir='ltr'><em>a</em></span> <span class='ocrx_word' id='word_1_224' title='bbox 1860 1897 2119 1939; x_wconf 84' lang='lat' dir='ltr'><em>Mommseno</em></span> 
     </span>
     <span class='ocr_line' id='line_1_26' title="bbox 398 1965 2120 2021; baseline -0.001 -12"><span class='ocrx_word' id='word_1_225' title='bbox 398 1966 486 2021; x_wconf 79' lang='lat' dir='ltr'><em>eph.</em></span> <span class='ocrx_word' id='word_1_226' title='bbox 518 1981 579 2020; x_wconf 89' lang='lat' dir='ltr'><em>ep.</em></span> <span class='ocrx_word' id='word_1_227' title='bbox 610 1970 637 2008; x_wconf 92' lang='lat'><strong><em>4</em></strong></span> <span class='ocrx_word' id='word_1_228' title='bbox 666 1981 713 2020; x_wconf 91' lang='lat' dir='ltr'><em>p.</em></span> <span class='ocrx_word' id='word_1_229' title='bbox 737 1969 816 2009; x_wconf 90' lang='lat'><em>154</em></span> <span class='ocrx_word' id='word_1_230' title='bbox 845 1986 900 2001; x_wconf 66' lang='grc' dir='ltr'><strong>Ξ</strong></span> <span class='ocrx_word' id='word_1_231' title='bbox 927 1966 1015 2008; x_wconf 89' lang='grc' dir='ltr'><em>ΙΙΙ</em></span> <span class='ocrx_word' id='word_1_232' title='bbox 1037 1966 1083 2009; x_wconf 80' lang='lat' dir='ltr'><em>S.</em></span> <span class='ocrx_word' id='word_1_233' title='bbox 1117 1965 1175 2007; x_wconf 77' lang='lat' dir='ltr'><em>ad</em></span> <span class='ocrx_word' id='word_1_234' title='bbox 1201 1980 1243 2009; x_wconf 89' lang='lat' dir='ltr'><em>n.</em></span> <span class='ocrx_word' id='word_1_235' title='bbox 1264 1969 1410 2009; x_wconf 83' lang='lat'><strong><em>11157.</em></strong></span> <span class='ocrx_word' id='word_1_236' title='bbox 1476 1965 1596 2007; x_wconf 82' lang='lat' dir='ltr'><em>Idem</em></span> <span class='ocrx_word' id='word_1_237' title='bbox 1636 1980 1663 2007; x_wconf 93' lang='lat' dir='ltr'><em>a</em></span> <span class='ocrx_word' id='word_1_238' title='bbox 1698 1965 1911 2008; x_wconf 82' lang='lat' dir='ltr'><em>nonnullis</em></span> <span class='ocrx_word' id='word_1_239' title='bbox 1949 1965 2120 2007; x_wconf 78' lang='lat' dir='ltr'><em>habitus</em></span> 
     </span>
     <span class='ocr_line' id='line_1_27' title="bbox 398 2032 2120 2088; baseline -0.001 -11"><span class='ocrx_word' id='word_1_240' title='bbox 398 2038 458 2077; x_wconf 89' lang='lat' dir='ltr'><em>est</em></span> <span class='ocrx_word' id='word_1_241' title='bbox 486 2035 679 2077; x_wconf 81' lang='lat' dir='ltr'><em>Titianus</em></span> <span class='ocrx_word' id='word_1_242' title='bbox 709 2034 853 2076; x_wconf 89' lang='lat' dir='ltr'><em>consul</em></span> <span class='ocrx_word' id='word_1_243' title='bbox 883 2034 1127 2076; x_wconf 82' lang='lat' dir='ltr'><em>ordinarius</em></span> <span class='ocrx_word' id='word_1_244' title='bbox 1155 2048 1195 2076; x_wconf 88' lang='lat' dir='ltr'><em>a.</em></span> <span class='ocrx_word' id='word_1_245' title='bbox 1216 2036 1312 2084; x_wconf 86' lang='lat'><strong><em>245,</em></strong></span> <span class='ocrx_word' id='word_1_246' title='bbox 1343 2034 1487 2076; x_wconf 82' lang='lat' dir='ltr'><em>dubito</em></span> <span class='ocrx_word' id='word_1_247' title='bbox 1507 2047 1608 2076; x_wconf 80' lang='lat' dir='ltr'><em>nuni</em></span> <span class='ocrx_word' id='word_1_248' title='bbox 1627 2037 1748 2076; x_wconf 87' lang='lat' dir='ltr'><em>recte.</em></span> <span class='ocrx_word' id='word_1_249' title='bbox 1807 2032 1874 2087; x_wconf 82' lang='lat' dir='ltr'><em>Of.</em></span> <span class='ocrx_word' id='word_1_250' title='bbox 1894 2036 2120 2088; x_wconf 89' lang='lat' dir='ltr'><em>praeterea</em></span> 
     </span>
     <span class='ocr_line' id='line_1_28' title="bbox 397 2101 2119 2157; baseline -0.001 -13"><span class='ocrx_word' id='word_1_251' title='bbox 397 2103 474 2145; x_wconf 88' lang='lat' dir='ltr'><em>sub</em></span> <span class='ocrx_word' id='word_1_252' title='bbox 515 2117 560 2145; x_wconf 92' lang='lat' dir='ltr'><em>eo</em></span> <span class='ocrx_word' id='word_1_253' title='bbox 596 2103 672 2157; x_wconf 78' lang='lat' dir='ltr'><em>qui</em></span> <span class='ocrx_word' id='word_1_254' title='bbox 709 2103 909 2156; x_wconf 79' lang='lat' dir='ltr'><em>sequitur.</em></span> <span class='ocrx_word' id='word_1_255' title='bbox 948 2127 1007 2132; x_wconf 90' lang='lat'><em>——</em></span> <span class='ocrx_word' id='word_1_256' title='bbox 1056 2102 1256 2144; x_wconf 90' lang='lat' dir='ltr'><em>Libertus</em></span> <span class='ocrx_word' id='word_1_257' title='bbox 1293 2102 1419 2144; x_wconf 81' lang='lat' dir='ltr'><em>huius</em></span> <span class='ocrx_word' id='word_1_258' title='bbox 1459 2101 1604 2144; x_wconf 82' lang='lat' dir='ltr'><em>domus</em></span> <span class='ocrx_word' id='word_1_259' title='bbox 1637 2102 1726 2144; x_wconf 89' lang='lat' dir='ltr'><em>sine</em></span> <span class='ocrx_word' id='word_1_260' title='bbox 1765 2101 1890 2143; x_wconf 82' lang='lat' dir='ltr'><em>dubio</em></span> <span class='ocrx_word' id='word_1_261' title='bbox 1931 2101 2119 2144; x_wconf 85' lang='lat' dir='ltr'><em>Maesius</em></span> 
     </span>
     <span class='ocr_line' id='line_1_29' title="bbox 396 2170 1240 2227; baseline 0 -15"><span class='ocrx_word' id='word_1_262' title='bbox 396 2171 559 2213; x_wconf 86' lang='lat' dir='ltr'><strong>Fabius</strong></span> <span class='ocrx_word' id='word_1_263' title='bbox 589 2170 972 2227; x_wconf 86' lang='lat' dir='ltr'><strong>[E]pa[ph]r0ditus</strong></span> <span class='ocrx_word' id='word_1_264' title='bbox 1003 2170 1071 2213; x_wconf 91' lang='lat' dir='ltr'><em>VI</em></span> <span class='ocrx_word' id='word_1_265' title='bbox 1088 2173 1240 2214; x_wconf 88' lang='grc'><em>21807.</em></span> 
     </span>
    </p>

    <p class='ocr_par' dir='ltr' id='par_1_11' title="bbox 317 2237 2122 2295">
     <span class='ocr_line' id='line_1_30' title="bbox 317 2237 2122 2295; baseline -0.001 -14"><span class='ocrx_word' id='word_1_266' title='bbox 317 2240 371 2281; x_wconf 88' lang='grc'><em>59</em></span> <span class='ocrx_word' id='word_1_267' title='bbox 402 2245 618 2281; x_wconf 88' lang='lat' dir='ltr'>MAESIVS</span> <span class='ocrx_word' id='word_1_268' title='bbox 648 2246 826 2281; x_wconf 87' lang='lat' dir='ltr'>FABIVS</span> <span class='ocrx_word' id='word_1_269' title='bbox 857 2245 1089 2281; x_wconf 87' lang='lat' dir='ltr'><em>TITIANVS</em></span> <span class='ocrx_word' id='word_1_270' title='bbox 1121 2238 1382 2280; x_wconf 86' lang='lat' dir='ltr'><em>clarissimus</em></span> <span class='ocrx_word' id='word_1_271' title='bbox 1414 2252 1534 2295; x_wconf 81' lang='lat' dir='ltr'><em>puer,</em></span> <span class='ocrx_word' id='word_1_272' title='bbox 1567 2253 1654 2280; x_wconf 90' lang='lat' dir='ltr'><em>una</em></span> <span class='ocrx_word' id='word_1_273' title='bbox 1679 2252 1778 2280; x_wconf 90' lang='lat' dir='ltr'><em>cum</em></span> <span class='ocrx_word' id='word_1_274' title='bbox 1798 2238 1962 2280; x_wconf 86' lang='lat' dir='ltr'><strong>Maesia</strong></span> <span class='ocrx_word' id='word_1_275' title='bbox 1981 2237 2122 2280; x_wconf 82' lang='lat' dir='ltr'><strong>Fabia</strong></span> 
     </span>
    </p>
   </div>
   <div class='ocr_carea' id='block_1_8' title="bbox 401 2305 2186 2362">
    <p class='ocr_par' dir='ltr' id='par_1_12' title="bbox 401 2305 2186 2362">
     <span class='ocr_line' id='line_1_31' title="bbox 401 2305 2186 2362; baseline -0.001 -13"><span class='ocrx_word' id='word_1_276' title='bbox 401 2308 573 2349; x_wconf 85' lang='lat' dir='ltr'><strong>Titiana</strong></span> <span class='ocrx_word' id='word_1_277' title='bbox 605 2308 763 2362; x_wconf 86' lang='lat' dir='ltr'><em>(sorore</em></span> <span class='ocrx_word' id='word_1_278' title='bbox 792 2311 840 2350; x_wconf 84' lang='lat' dir='ltr'><strong>ut</strong></span> <span class='ocrx_word' id='word_1_279' title='bbox 867 2307 1032 2350; x_wconf 79' lang='lat' dir='ltr'><em>videtur</em></span> <span class='ocrx_word' id='word_1_280' title='bbox 1059 2310 1166 2350; x_wconf 90' lang='lat' dir='ltr'><em>natu</em></span> <span class='ocrx_word' id='word_1_281' title='bbox 1194 2306 1371 2361; x_wconf 81' lang='lat' dir='ltr'><em>maiore)</em></span> <span class='ocrx_word' id='word_1_282' title='bbox 1403 2306 1566 2350; x_wconf 85' lang='lat' dir='ltr'><strong>Severo</strong></span> <span class='ocrx_word' id='word_1_283' title='bbox 1598 2313 1640 2349; x_wconf 88' lang='lat' dir='ltr'><strong>et</strong></span> <span class='ocrx_word' id='word_1_284' title='bbox 1666 2305 1915 2349; x_wconf 81' lang='lat' dir='ltr'><strong>Caracallae</strong></span> <span class='ocrx_word' id='word_1_285' title='bbox 1945 2306 2001 2360; x_wconf 86' lang='lat' dir='ltr'><em>(a.</em></span> <span class='ocrx_word' id='word_1_286' title='bbox 2025 2306 2119 2348; x_wconf 85' lang='lat'><em>197.</em></span> <span class='ocrx_word' id='word_1_287' title='bbox 2183 2336 2186 2338; x_wconf 95' lang='lat'>-</span> 
     </span>
    </p>
   </div>
   <div class='ocr_carea' id='block_1_9' title="bbox 397 2374 2122 2634">
    <p class='ocr_par' dir='ltr' id='par_1_13' title="bbox 397 2374 2122 2634">
     <span class='ocr_line' id='line_1_32' title="bbox 403 2374 2122 2429; baseline -0.001 -11"><span class='ocrx_word' id='word_1_288' title='bbox 403 2376 502 2428; x_wconf 83' lang='lat'>198)</span> <span class='ocrx_word' id='word_1_289' title='bbox 535 2375 682 2417; x_wconf 83' lang='lat' dir='ltr'><strong>titulos</strong></span> <span class='ocrx_word' id='word_1_290' title='bbox 715 2375 931 2418; x_wconf 86' lang='lat' dir='ltr'><strong>dedicavit</strong></span> <span class='ocrx_word' id='word_1_291' title='bbox 960 2377 1003 2418; x_wconf 91' lang='lat' dir='ltr'><em>in</em></span> <span class='ocrx_word' id='word_1_292' title='bbox 1032 2375 1181 2418; x_wconf 81' lang='lat' dir='ltr'><strong>Sicilia</strong></span> <span class='ocrx_word' id='word_1_293' title='bbox 1200 2375 1249 2418; x_wconf 92' lang='lat' dir='ltr'><strong><em>X</em></strong></span> <span class='ocrx_word' id='word_1_294' title='bbox 1270 2378 1388 2418; x_wconf 91' lang='grc'><em>7343.</em></span> <span class='ocrx_word' id='word_1_295' title='bbox 1421 2378 1533 2419; x_wconf 89' lang='grc'><em>7276</em></span> <span class='ocrx_word' id='word_1_296' title='bbox 1562 2374 1687 2427; x_wconf 89' lang='lat' dir='ltr'><em>(certe</em></span> <span class='ocrx_word' id='word_1_297' title='bbox 1717 2375 1908 2424; x_wconf 81' lang='lat' dir='ltr'><em>alterum,</em></span> <span class='ocrx_word' id='word_1_298' title='bbox 1939 2375 2122 2429; x_wconf 80' lang='lat' dir='ltr'><em>fortasse</em></span> 
     </span>
     <span class='ocr_line' id='line_1_33' title="bbox 397 2442 2120 2500; baseline 0.001 -16"><span class='ocrx_word' id='word_1_299' title='bbox 397 2447 629 2497; x_wconf 78' lang='lat' dir='ltr'><em>utrumque,</em></span> <span class='ocrx_word' id='word_1_300' title='bbox 677 2443 899 2500; x_wconf 79' lang='lat' dir='ltr'><em>Thermis).</em></span> <span class='ocrx_word' id='word_1_301' title='bbox 965 2443 1171 2486; x_wconf 85' lang='lat' dir='ltr'><em>Fortasse</em></span> <span class='ocrx_word' id='word_1_302' title='bbox 1214 2443 1323 2485; x_wconf 81' lang='lat' dir='ltr'><em>idern</em></span> <span class='ocrx_word' id='word_1_303' title='bbox 1368 2444 1440 2497; x_wconf 82' lang='lat' dir='ltr'><em>qui</em></span> <span class='ocrx_word' id='word_1_304' title='bbox 1474 2443 1696 2497; x_wconf 83' lang='lat' dir='ltr'><em>praecedit</em></span> <span class='ocrx_word' id='word_1_305' title='bbox 1735 2442 1871 2485; x_wconf 80' lang='lat' dir='ltr'><em>adhuc</em></span> <span class='ocrx_word' id='word_1_306' title='bbox 1901 2456 2026 2497; x_wconf 88' lang='lat' dir='ltr'><em>puer.</em></span> <span class='ocrx_word' id='word_1_307' title='bbox 2063 2467 2120 2474; x_wconf 95' lang='lat'>—</span> 
     </span>
     <span class='ocr_line' id='line_1_34' title="bbox 400 2510 2122 2555; baseline 0.001 -3"><span class='ocrx_word' id='word_1_308' title='bbox 400 2511 614 2553; x_wconf 82' lang='lat' dir='ltr'><em>Oriundus</em></span> <span class='ocrx_word' id='word_1_309' title='bbox 661 2512 713 2554; x_wconf 90' lang='lat' dir='ltr'><em>ab</em></span> <span class='ocrx_word' id='word_1_310' title='bbox 759 2512 825 2554; x_wconf 74' lang='lat' dir='ltr'><em>liis</em></span> <span class='ocrx_word' id='word_1_311' title='bbox 870 2512 1053 2555; x_wconf 87' lang='lat' dir='ltr'><em>Macsiis</em></span> <span class='ocrx_word' id='word_1_312' title='bbox 1090 2512 1246 2554; x_wconf 85' lang='lat' dir='ltr'><em>Fabiis</em></span> <span class='ocrx_word' id='word_1_313' title='bbox 1291 2511 1474 2554; x_wconf 85' lang='lat' dir='ltr'><em>Titianis</em></span> <span class='ocrx_word' id='word_1_314' title='bbox 1515 2511 1679 2553; x_wconf 84' lang='lat' dir='ltr'><em>videtur</em></span> <span class='ocrx_word' id='word_1_315' title='bbox 1715 2510 1883 2553; x_wconf 85' lang='lat' dir='ltr'><em>Fabius</em></span> <span class='ocrx_word' id='word_1_316' title='bbox 1926 2511 2122 2554; x_wconf 84' lang='lat' dir='ltr'><em>Titianus</em></span> 
     </span>
     <span class='ocr_line' id='line_1_35' title="bbox 401 2580 1752 2634; baseline 0 -13"><span class='ocrx_word' id='word_1_317' title='bbox 401 2580 542 2621; x_wconf 88' lang='lat' dir='ltr'><em>consul</em></span> <span class='ocrx_word' id='word_1_318' title='bbox 573 2580 817 2622; x_wconf 81' lang='lat' dir='ltr'><em>ordinarius</em></span> <span class='ocrx_word' id='word_1_319' title='bbox 847 2595 886 2625; x_wconf 90' lang='lat' dir='ltr'><em>a.</em></span> <span class='ocrx_word' id='word_1_320' title='bbox 907 2583 993 2622; x_wconf 89' lang='grc'><em>337</em></span> <span class='ocrx_word' id='word_1_321' title='bbox 1020 2584 1060 2623; x_wconf 84' lang='lat' dir='ltr'><strong>et</strong></span> <span class='ocrx_word' id='word_1_322' title='bbox 1082 2584 1230 2634; x_wconf 88' lang='lat' dir='ltr'><em>postea</em></span> <span class='ocrx_word' id='word_1_323' title='bbox 1261 2581 1324 2622; x_wconf 87' lang='lat' dir='ltr'><em>bis</em></span> <span class='ocrx_word' id='word_1_324' title='bbox 1345 2580 1593 2634; x_wconf 74' lang='lat' dir='ltr'><em>praefectus</em></span> <span class='ocrx_word' id='word_1_325' title='bbox 1620 2580 1752 2622; x_wconf 89' lang='lat' dir='ltr'><em>urbis.</em></span> 
     </span>
    </p>
   </div>
   <div class='ocr_carea' id='block_1_10' title="bbox 315 2659 2120 2781">
    <p class='ocr_par' dir='ltr' id='par_1_14' title="bbox 315 2659 2120 2781">
     <span class='ocr_line' id='line_1_36' title="bbox 315 2659 2120 2715; baseline 0.001 -15"><span class='ocrx_word' id='word_1_326' title='bbox 315 2660 369 2701; x_wconf 88' lang='grc'><em>60</em></span> <span class='ocrx_word' id='word_1_327' title='bbox 401 2665 444 2709; x_wconf 79' lang='lat' dir='ltr'><em>Q.</em></span> <span class='ocrx_word' id='word_1_328' title='bbox 482 2666 694 2700; x_wconf 87' lang='lat' dir='ltr'>MAESIVS</span> <span class='ocrx_word' id='word_1_329' title='bbox 735 2666 1015 2702; x_wconf 87' lang='lat' dir='ltr'><em>FRONTINVS</em></span> <span class='ocrx_word' id='word_1_330' title='bbox 1058 2666 1338 2702; x_wconf 86' lang='lat' dir='ltr'>CLODIANVS</span> <span class='ocrx_word' id='word_1_331' title='bbox 1381 2659 1640 2701; x_wconf 80' lang='lat' dir='ltr'><em>clarissimus</em></span> <span class='ocrx_word' id='word_1_332' title='bbox 1682 2673 1789 2715; x_wconf 86' lang='lat' dir='ltr'><em>puer</em></span> <span class='ocrx_word' id='word_1_333' title='bbox 1828 2662 1854 2703; x_wconf 77' lang='lat' dir='ltr'><em>t.</em></span> <span class='ocrx_word' id='word_1_334' title='bbox 1896 2661 2120 2714; x_wconf 73' lang='lat' dir='ltr'><em>suspectus,</em></span> 
     </span>
     <span class='ocr_line' id='line_1_37' title="bbox 399 2727 1551 2781; baseline 0.004 -14"><span class='ocrx_word' id='word_1_335' title='bbox 399 2728 552 2781; x_wconf 78' lang='lat' dir='ltr'><em>quippe</em></span> <span class='ocrx_word' id='word_1_336' title='bbox 581 2728 634 2769; x_wconf 93' lang='lat' dir='ltr'><em>ab</em></span> <span class='ocrx_word' id='word_1_337' title='bbox 665 2741 748 2769; x_wconf 86' lang='lat' dir='ltr'><em>uno</em></span> <span class='ocrx_word' id='word_1_338' title='bbox 779 2727 1015 2770; x_wconf 85' lang='lat' dir='ltr'><em>Boissarolo</em></span> <span class='ocrx_word' id='word_1_339' title='bbox 1047 2728 1232 2770; x_wconf 82' lang='lat' dir='ltr'><em>traditus</em></span> <span class='ocrx_word' id='word_1_340' title='bbox 1262 2728 1330 2771; x_wconf 92' lang='lat' dir='ltr'><em>VI</em></span> <span class='ocrx_word' id='word_1_341' title='bbox 1341 2731 1379 2778; x_wconf 87' lang='grc'><em>5,</em></span> <span class='ocrx_word' id='word_1_342' title='bbox 1401 2727 1551 2772; x_wconf 82' lang='grc'><em>3186*.</em></span> 
     </span>
    </p>
   </div>
   <div class='ocr_carea' id='block_1_11' title="bbox 318 2805 2124 3068">
    <p class='ocr_par' dir='ltr' id='par_1_15' title="bbox 318 2805 2124 3068">
     <span class='ocr_line' id='line_1_38' title="bbox 318 2805 2123 2861; baseline 0.001 -14"><span class='ocrx_word' id='word_1_343' title='bbox 318 2806 369 2848; x_wconf 88' lang='grc'><em>61</em></span> <span class='ocrx_word' id='word_1_344' title='bbox 402 2805 592 2847; x_wconf 87' lang='lat' dir='ltr'><em>Maesius</em></span> <span class='ocrx_word' id='word_1_345' title='bbox 617 2807 834 2849; x_wconf 88' lang='lat' dir='ltr'><strong>Maximus</strong></span> <span class='ocrx_word' id='word_1_346' title='bbox 866 2808 1035 2861; x_wconf 88' lang='lat' dir='ltr'><strong>(Maesi-</strong></span> <span class='ocrx_word' id='word_1_347' title='bbox 1068 2808 1195 2850; x_wconf 68' lang='lat' dir='ltr'><em>coclea:</em></span> <span class='ocrx_word' id='word_1_348' title='bbox 1224 2807 1638 2850; x_wconf 75' lang='lat' dir='ltr'><em>Ashburuhamens-is</em></span> <span class='ocrx_word' id='word_1_349' title='bbox 1666 2807 1713 2849; x_wconf 91' lang='lat' dir='ltr'><em>in</em></span> <span class='ocrx_word' id='word_1_350' title='bbox 1743 2806 1880 2849; x_wconf 81' lang='lat' dir='ltr'><em>indice</em></span> <span class='ocrx_word' id='word_1_351' title='bbox 1907 2806 2123 2860; x_wconf 75' lang='lat' dir='ltr'><em>utriusque</em></span> 
     </span>
     <span class='ocr_line' id='line_1_39' title="bbox 403 2873 2123 2931; baseline 0 -16"><span class='ocrx_word' id='word_1_352' title='bbox 403 2874 620 2928; x_wconf 86' lang='lat' dir='ltr'><em>epistulae,</em></span> <span class='ocrx_word' id='word_1_353' title='bbox 655 2875 708 2927; x_wconf 84' lang='lat' dir='ltr'><em>cf.</em></span> <span class='ocrx_word' id='word_1_354' title='bbox 742 2875 898 2930; x_wconf 73' lang='lat' dir='ltr'><em>Stanyl</em></span> <span class='ocrx_word' id='word_1_355' title='bbox 927 2876 1086 2920; x_wconf 81' lang='lat' dir='ltr'><em>Philol.</em></span> <span class='ocrx_word' id='word_1_356' title='bbox 1108 2878 1160 2919; x_wconf 88' lang='lat'><em>45</em></span> <span class='ocrx_word' id='word_1_357' title='bbox 1182 2891 1230 2931; x_wconf 92' lang='lat' dir='ltr'><em>p.</em></span> <span class='ocrx_word' id='word_1_358' title='bbox 1253 2879 1343 2926; x_wconf 87' lang='lat'><strong><em>645,</em></strong></span> <span class='ocrx_word' id='word_1_359' title='bbox 1375 2875 1501 2917; x_wconf 91' lang='lat' dir='ltr'><strong>Mesi-</strong></span> <span class='ocrx_word' id='word_1_360' title='bbox 1533 2874 1620 2917; x_wconf 83' lang='lat' dir='ltr'><em>cod.</em></span> <span class='ocrx_word' id='word_1_361' title='bbox 1651 2874 1933 2917; x_wconf 85' lang='lat' dir='ltr'><em>Florentinus</em></span> <span class='ocrx_word' id='word_1_362' title='bbox 1970 2877 2010 2917; x_wconf 90' lang='lat' dir='ltr'><strong>et</strong></span> <span class='ocrx_word' id='word_1_363' title='bbox 2038 2873 2123 2916; x_wconf 81' lang='lat' dir='ltr'><em>edi-</em></span> 
     </span>
     <span class='ocr_line' id='line_1_40' title="bbox 406 2942 2124 2998; baseline 0.001 -14"><span class='ocrx_word' id='word_1_364' title='bbox 406 2943 539 2984; x_wconf 88' lang='lat' dir='ltr'><em>tiones</em></span> <span class='ocrx_word' id='word_1_365' title='bbox 558 2943 786 2984; x_wconf 88' lang='lat' dir='ltr'><em>nonnullae</em></span> <span class='ocrx_word' id='word_1_366' title='bbox 807 2944 1016 2997; x_wconf 77' lang='lat' dir='ltr'><em>antiquae,</em></span> <span class='ocrx_word' id='word_1_367' title='bbox 1044 2944 1193 2986; x_wconf 90' lang='lat' dir='ltr'><em>Messi-</em></span> <span class='ocrx_word' id='word_1_368' title='bbox 1214 2944 1339 2986; x_wconf 83' lang='lat' dir='ltr'><em>editio</em></span> <span class='ocrx_word' id='word_1_369' title='bbox 1361 2944 1585 2998; x_wconf 88' lang='lat' dir='ltr'><em>princeps;</em></span> <span class='ocrx_word' id='word_1_370' title='bbox 1613 2944 1658 2984; x_wconf 90' lang='lat' dir='ltr'><em>in</em></span> <span class='ocrx_word' id='word_1_371' title='bbox 1679 2943 1894 2997; x_wconf 76' lang='lat' dir='ltr'><em>plerisque</em></span> <span class='ocrx_word' id='word_1_372' title='bbox 1914 2942 2124 2985; x_wconf 80' lang='lat' dir='ltr'><em>codicibus</em></span> 
     </span>
     <span class='ocr_line' id='line_1_41' title="bbox 404 3010 1823 3068; baseline 0.001 -16"><span class='ocrx_word' id='word_1_373' title='bbox 404 3010 513 3052; x_wconf 83' lang='lat' dir='ltr'><em>nude</em></span> <span class='ocrx_word' id='word_1_374' title='bbox 543 3010 803 3064; x_wconf 83' lang='lat' dir='ltr'><strong>Maximus):</strong></span> <span class='ocrx_word' id='word_1_375' title='bbox 835 3011 890 3052; x_wconf 86' lang='lat' dir='ltr'><em>ad</em></span> <span class='ocrx_word' id='word_1_376' title='bbox 922 3027 1020 3054; x_wconf 91' lang='lat' dir='ltr'><em>eum</em></span> <span class='ocrx_word' id='word_1_377' title='bbox 1050 3013 1220 3068; x_wconf 84' lang='lat' dir='ltr'><em>scripsit</em></span> <span class='ocrx_word' id='word_1_378' title='bbox 1250 3011 1416 3054; x_wconf 87' lang='lat' dir='ltr'><strong>Plinius</strong></span> <span class='ocrx_word' id='word_1_379' title='bbox 1449 3026 1510 3065; x_wconf 90' lang='lat' dir='ltr'><em>cp.</em></span> <span class='ocrx_word' id='word_1_380' title='bbox 1530 3014 1570 3062; x_wconf 84' lang='lat'><strong><em>3,</em></strong></span> <span class='ocrx_word' id='word_1_381' title='bbox 1591 3014 1661 3054; x_wconf 86' lang='lat'><em>20.</em></span> <span class='ocrx_word' id='word_1_382' title='bbox 1692 3014 1731 3061; x_wconf 90' lang='grc'><em>4,</em></span> <span class='ocrx_word' id='word_1_383' title='bbox 1753 3014 1823 3055; x_wconf 86' lang='lat'><em>25.</em></span> 
     </span>
    </p>
   </div>
   <div class='ocr_carea' id='block_1_12' title="bbox 321 3089 2128 3419">
    <p class='ocr_par' dir='ltr' id='par_1_16' title="bbox 321 3089 2128 3419">
     <span class='ocr_line' id='line_1_42' title="bbox 321 3089 2125 3145; baseline 0.001 -13"><span class='ocrx_word' id='word_1_384' title='bbox 321 3090 376 3132; x_wconf 86' lang='grc'><em>62</em></span> <span class='ocrx_word' id='word_1_385' title='bbox 407 3096 448 3131; x_wconf 83' lang='lat' dir='ltr'><em>O.</em></span> <span class='ocrx_word' id='word_1_386' title='bbox 480 3095 698 3130; x_wconf 88' lang='lat' dir='ltr'>MAESIVS</span> <span class='ocrx_word' id='word_1_387' title='bbox 742 3095 1051 3133; x_wconf 86' lang='lat' dir='ltr'><strong>PICATIANVS.</strong></span> <span class='ocrx_word' id='word_1_388' title='bbox 1118 3091 1283 3134; x_wconf 83' lang='lat' dir='ltr'><em>Titulus</em></span> <span class='ocrx_word' id='word_1_389' title='bbox 1320 3091 1406 3145; x_wconf 87' lang='lat' dir='ltr'><em>ipsi</em></span> <span class='ocrx_word' id='word_1_390' title='bbox 1437 3091 1604 3145; x_wconf 89' lang='lat' dir='ltr'><em>positus</em></span> <span class='ocrx_word' id='word_1_391' title='bbox 1633 3090 1815 3132; x_wconf 76' lang='lat' dir='ltr'><em>Brioeiae</em></span> <span class='ocrx_word' id='word_1_392' title='bbox 1845 3089 1887 3132; x_wconf 89' lang='lat' dir='ltr'><strong><em>V</em></strong></span> <span class='ocrx_word' id='word_1_393' title='bbox 1905 3092 2014 3132; x_wconf 90' lang='grc'><em>4338</em></span> <span class='ocrx_word' id='word_1_394' title='bbox 2042 3089 2101 3144; x_wconf 88' lang='lat'><em>(1)</em></span> <span class='ocrx_word' id='word_1_395' title='bbox 2111 3102 2125 3141; x_wconf 89' lang='grc'><em>,·</em></span> 
     </span>
     <span class='ocr_line' id='line_1_43' title="bbox 406 3156 2122 3214; baseline 0.001 -16"><span class='ocrx_word' id='word_1_396' title='bbox 406 3161 634 3212; x_wconf 85' lang='lat' dir='ltr'><em>praeterea</em></span> <span class='ocrx_word' id='word_1_397' title='bbox 663 3161 919 3199; x_wconf 80' lang='lat' dir='ltr'><strong>memoratur</strong></span> <span class='ocrx_word' id='word_1_398' title='bbox 949 3160 993 3201; x_wconf 86' lang='lat' dir='ltr'><em>in</em></span> <span class='ocrx_word' id='word_1_399' title='bbox 1023 3159 1249 3213; x_wconf 83' lang='lat' dir='ltr'><em>Africanis</em></span> <span class='ocrx_word' id='word_1_400' title='bbox 1279 3159 1401 3201; x_wconf 90' lang='lat' dir='ltr'><strong><em>VIII</em></strong></span> <span class='ocrx_word' id='word_1_401' title='bbox 1421 3161 1528 3201; x_wconf 88' lang='grc'><em>4591</em></span> <span class='ocrx_word' id='word_1_402' title='bbox 1559 3159 1646 3214; x_wconf 87' lang='grc'><em>(2),·</em></span> <span class='ocrx_word' id='word_1_403' title='bbox 1681 3160 1816 3200; x_wconf 87' lang='grc'><em>10658</em></span> <span class='ocrx_word' id='word_1_404' title='bbox 1844 3178 1900 3192; x_wconf 88' lang='lat'><strong><em>=</em></strong></span> <span class='ocrx_word' id='word_1_405' title='bbox 1930 3157 2054 3200; x_wconf 90' lang='lat' dir='ltr'><strong><em>VIII</em></strong></span> <span class='ocrx_word' id='word_1_406' title='bbox 2075 3156 2122 3200; x_wconf 79' lang='lat' dir='ltr'><em>S.</em></span> 
     </span>
     <span class='ocr_line' id='line_1_44' title="bbox 409 3225 2124 3281; baseline 0 -14"><span class='ocrx_word' id='word_1_407' title='bbox 409 3228 544 3268; x_wconf 91' lang='grc'><em>17588</em></span> <span class='ocrx_word' id='word_1_408' title='bbox 573 3225 659 3281; x_wconf 85' lang='grc'><em>(3),·</em></span> <span class='ocrx_word' id='word_1_409' title='bbox 688 3228 826 3268; x_wconf 90' lang='grc'><em>17587</em></span> <span class='ocrx_word' id='word_1_410' title='bbox 853 3225 926 3280; x_wconf 89' lang='grc'><em>(4).</em></span> <span class='ocrx_word' id='word_1_411' title='bbox 988 3226 1034 3269; x_wconf 84' lang='lat' dir='ltr'><em>C.</em></span> <span class='ocrx_word' id='word_1_412' title='bbox 1067 3227 1096 3268; x_wconf 86' lang='lat' dir='ltr'><em>f.</em></span> <span class='ocrx_word' id='word_1_413' title='bbox 1129 3230 1156 3268; x_wconf 93' lang='lat' dir='ltr'><em>t.</em></span> <span class='ocrx_word' id='word_1_414' title='bbox 1189 3231 1225 3270; x_wconf 90' lang='lat'><em>1.</em></span> <span class='ocrx_word' id='word_1_415' title='bbox 1286 3228 1518 3269; x_wconf 87' lang='lat' dir='ltr'><strong>Decemvir</strong></span> <span class='ocrx_word' id='word_1_416' title='bbox 1548 3226 1736 3269; x_wconf 88' lang='lat' dir='ltr'><strong>stlitibus</strong></span> <span class='ocrx_word' id='word_1_417' title='bbox 1768 3225 2020 3280; x_wconf 83' lang='lat' dir='ltr'><strong>iudicandis,</strong></span> <span class='ocrx_word' id='word_1_418' title='bbox 2052 3225 2124 3267; x_wconf 87' lang='lat' dir='ltr'><strong>tri-</strong></span> 
     </span>
     <span class='ocr_line' id='line_1_45' title="bbox 409 3292 2122 3351; baseline -0.001 -15"><span class='ocrx_word' id='word_1_419' title='bbox 409 3294 550 3336; x_wconf 85' lang='lat' dir='ltr'><em>bunus</em></span> <span class='ocrx_word' id='word_1_420' title='bbox 579 3292 762 3334; x_wconf 88' lang='lat' dir='ltr'><strong>militum</strong></span> <span class='ocrx_word' id='word_1_421' title='bbox 794 3293 973 3348; x_wconf 83' lang='lat' dir='ltr'><strong>legionis</strong></span> <span class='ocrx_word' id='word_1_422' title='bbox 1003 3296 1167 3350; x_wconf 87' lang='lat' dir='ltr'><strong>primae</strong></span> <span class='ocrx_word' id='word_1_423' title='bbox 1197 3294 1385 3349; x_wconf 82' lang='lat' dir='ltr'><strong>Italicae,</strong></span> <span class='ocrx_word' id='word_1_424' title='bbox 1426 3301 1629 3351; x_wconf 86' lang='lat' dir='ltr'><em>quaestor</em></span> <span class='ocrx_word' id='word_1_425' title='bbox 1658 3295 1906 3351; x_wconf 89' lang='lat' dir='ltr'><strong>provinciae</strong></span> <span class='ocrx_word' id='word_1_426' title='bbox 1934 3292 2122 3346; x_wconf 82' lang='lat' dir='ltr'><strong>Africae,</strong></span> 
     </span>
     <span class='ocr_line' id='line_1_46' title="bbox 409 3360 2128 3419; baseline 0.001 -17"><span class='ocrx_word' id='word_1_427' title='bbox 409 3361 590 3403; x_wconf 84' lang='lat' dir='ltr'><strong>allectus</strong></span> <span class='ocrx_word' id='word_1_428' title='bbox 631 3362 742 3403; x_wconf 90' lang='lat' dir='ltr'><strong>inter</strong></span> <span class='ocrx_word' id='word_1_429' title='bbox 781 3362 1034 3404; x_wconf 83' lang='lat' dir='ltr'><strong>tribunicios</strong></span> <span class='ocrx_word' id='word_1_430' title='bbox 1073 3363 1128 3404; x_wconf 86' lang='lat' dir='ltr'><em>ab</em></span> <span class='ocrx_word' id='word_1_431' title='bbox 1167 3365 1424 3419; x_wconf 83' lang='lat' dir='ltr'><strong>imperatore</strong></span> <span class='ocrx_word' id='word_1_432' title='bbox 1463 3363 1683 3405; x_wconf 86' lang='lat' dir='ltr'><strong>Antonino</strong></span> <span class='ocrx_word' id='word_1_433' title='bbox 1714 3363 1812 3414; x_wconf 89' lang='lat' dir='ltr'><strong>Pio,</strong></span> <span class='ocrx_word' id='word_1_434' title='bbox 1852 3367 2026 3418; x_wconf 86' lang='lat' dir='ltr'><strong>praetor</strong></span> <span class='ocrx_word' id='word_1_435' title='bbox 2064 3360 2128 3415; x_wconf 77' lang='lat' dir='ltr'><em>(id</em></span> 
     </span>
    </p>
   </div>
  </div>
 </body>
</html>
