2202 3724
215 287 462 323 LVCIANVS
1071 278 1154 319 302
1782 284 2012 321 LVCILIVS

302 416 436 459 Rhen.
457 419 510 457 43
531 430 578 469 p.
602 416 714 470 254).
767 411 876 454 Cum
906 412 987 453 iter
1016 411 1178 454 faceret
1203 427 1282 468 per
1310 411 1628 468 Cappadociam
1657 412 1892 456 Amastrim
1917 429 2018 457 orae

303 484 507 526 Ponticae
537 483 609 535 (ex
639 480 780 536 patria
810 479 944 534 puto),
977 485 1142 534 patrem
1168 494 1317 521 ⁴secum
1347 479 1490 522 ferens
1512 486 1554 522 et
1576 494 1686 534 suos,
1719 480 2016 524 Abonutichos

301 552 485 593 devertit
506 556 554 591 ut
570 547 869 590 Alexandrum
890 546 1142 602 prophetam
1165 546 1224 588 ibi
1246 549 1499 590 conveniret
1513 547 1636 590 Alex.
1657 562 1690 592 s,
1703 549 2016 604 pseudoproph.

300 622 453 661 55-57.
498 618 564 658 De
596 616 676 658 hoc
698 614 946 657 Alexandro
979 615 1150 670 scripsit
1175 614 1365 657 libellum
1387 615 1442 657 ad
1466 615 1639 658 Celsum
1659 616 1888 672 quendam,
1919 623 2017 674 post

303 687 360 729 M.
390 684 555 728 Aurelii
583 690 765 725 mortem
796 683 853 724 ib.
882 685 953 726 48„
1007 683 1055 724 In
1098 683 1256 724 Iulium
1286 682 1506 726 Pollucem
1536 682 1608 738 (ef.
1642 697 1775 738 snpra
1803 685 1837 727 I
1857 699 1898 728 n.
1917 687 2016 741 349)

303 753 522 795 invehitur
562 751 704 793 libello
742 752 811 792 cui
842 750 991 792 titulus
1023 751 1197 808 ῥητόρων
1233 745 1467 798 διδᾶσκαλος
1497 751 1523 793 l.
1555 765 1588 794 o.
1612 753 1778 805 passim
1808 754 1861 806 ef.
1886 767 2016 806 prae-

302 822 444 863 sertim
468 823 521 862 16
547 833 626 873 seq.
657 822 725 862 24.
795 819 887 860 Iam
927 819 1070 860 senior
1108 833 1287 860 munere
1327 819 1512 875 quodam
1550 820 1596 861 in
1634 819 1773 862 officio
1809 820 2017 877 praefecti

304 890 492 945 Aegypti
528 887 769 944 praedituS,
809 886 1012 929 salarium
1043 901 1066 928 e
1095 887 1197 929 fisco
1235 889 1431 944 accipere
1471 889 1633 944 coepit,
1676 903 1795 944 spem
1833 889 2019 944 concipit

303 957 550 1014 provinciae
597 955 1011 997 administrationem
1053 954 1123 996 vel
1172 970 1316 997 rerum
1360 957 1630 1011 imperatoris
1673 956 2018 1012 procurationem

303 1025 551 1067 mandatum
574 1024 655 1066 sibi
676 1024 728 1065 iri
755 1023 865 1078 apol.
882 1027 950 1066 12.
971 1049 1022 1055 --
1042 1023 1257 1065 Memorat
1276 1025 1515 1066 Iasoianam
1526 1024 1696 1078 primns
1715 1026 1916 1078 quantam
1933 1023 2018 1066 scio

302 1093 554 1136 Lactantius
573 1092 669 1134 inst.
693 1095 730 1142 1,
752 1095 789 1134 9.
812 1116 869 1121 ——
888 1091 1219 1146 Epiyrammata
1239 1092 1431 1134 [asciano
1451 1091 1670 1146 adscripta
1697 1093 1786 1134 eins
1814 1104 1899 1134 esse
1920 1094 2020 1145 post

304 1163 411 1204 alios
439 1161 607 1214 neyavit
634 1159 726 1203 Iob.
760 1159 870 1202 Setti
897 1160 1049 1201 rivista
1091 1159 1136 1200 cli
1164 1159 1355 1214 filoloyia
1384 1163 1454 1210 20,
1487 1162 1601 1202 1892
1620 1174 1668 1214 p.
1690 1163 1776 1203 293
1795 1173 1875 1213 seq.

219 1231 299 1274 277
330 1235 579 1272 LVCIANVS
602 1234 821 1270 PROCLVS
842 1234 1015 1270 senator
1041 1227 1121 1270 sub
1142 1228 1404 1281 Domitiano,
1437 1242 1534 1270 cum
1560 1234 1736 1285 propter
1756 1233 2020 1269 senectutem

304 1299 395 1341 ruri
424 1297 679 1354 plerumque
705 1303 863 1351 ageret,
896 1303 1037 1338 tamen
1069 1297 1316 1352 imperatori
1347 1303 1496 1338 contra
1526 1296 1706 1338 Antonii
1737 1295 2018 1350 defectionem

304 1366 589 1422 proficiscenti
620 1379 762 1407 comes
792 1364 840 1406 fit
867 1363 955 1406 Dio
984 1367 1049 1414 67,
1076 1368 1142 1407 11.

233 1460 288 1465 ——
332 1441 372 1476 P.
403 1439 584 1474 AELIVS
616 1432 889 1487 BRVTT[IVS]
918 1438 1181 1474 LVCIANVS.

233 1528 289 1534 ——
332 1509 375 1544 L.
409 1508 670 1543 SERVILIVS
700 1506 941 1543 DOMITIVS
973 1506 1221 1542 VALERIVS
1253 1507 1452 1542 FRONTO
1484 1507 1745 1543 LVCIANVS.

233 1595 289 1600 —
333 1575 582 1611 EGNATIVS
613 1575 930 1611 LVGILIANVS.

335 1644 375 1680 C.
406 1643 584 1679 FABIVS
616 1643 863 1678 FABIANVS
893 1642 1124 1678 VETILIVS
1156 1643 1470 1679 LVGILIANVS.

335 1712 376 1749 G.
406 1711 585 1747 FABIVS
616 1710 931 1748 LVGILIANVS.

335 1774 587 1827 FL(Av1vs)
618 1772 995 1827 LVCILL[1A]NVS.

334 1850 379 1885 L.
410 1847 621 1883 FLAVIVS
652 1847 966 1883 LVCILIANVS.

235 1937 291 1941 -—
334 1918 379 1952 L.
410 1915 574 1951 IVLIVS
606 1914 921 1951 LVCILIANVS.

222 1979 304 2022 278
335 1977 543 2031 Lucilius,
576 1983 671 2032 post
700 1990 888 2033 pugnam
920 1975 1241 2033 Philippensem
1267 1976 1486 2031 militibus,
1520 1978 1593 2033 qui
1623 1977 1682 2019 M.
1714 1977 1898 2019 Brutum
1927 1991 2021 2033 per-

307 2045 615 2102 sequebantur,
662 2059 707 2086 se
737 2059 814 2100 pro
845 2045 983 2086 Bruto
1016 2044 1194 2099 obtulit3
1236 2044 1393 2086 exinde
1424 2046 1468 2086 in
1498 2046 1732 2087 amicitiam
1755 2045 1815 2088 M.
1846 2045 2023 2087 Antonii

308 2120 503 2170 receptus
534 2113 634 2155 huic
663 2112 802 2155 fidelis
834 2114 1071 2169 permansit
1101 2128 1237 2169 usque
1266 2113 1323 2155 ad
1362 2120 1576 2167 extrema,
1619 2113 1746 2168 fugae
1787 2128 1842 2155 ex
1877 2118 2025 2170 pugna

309 2182 488 2225 Actiaca
518 2195 658 2222 comes
690 2180 914 2223 Plutarch.
945 2180 1070 2223 Brut.
1091 2184 1155 2231 50,
1185 2181 1343 2225 Anton.
1365 2184 1431 2224 69.

223 2251 306 2294 279
337 2249 529 2292 Lucilius
580 2250 794 2303 centurio,
856 2249 1108 2291 interfectus
1158 2265 1184 2292 a
1238 2249 1450 2292 seditiosis
1509 2250 1727 2292 exercitus
1787 2249 2023 2290 Pannonici

315 2319 412 2362 Tac.
445 2333 484 2360 a.
517 2321 555 2368 1,
582 2321 652 2360 23.

224 2387 307 2429 280
337 2385 529 2427 Lucilius
571 2386 646 2440 (sio
683 2386 773 2428 sine
813 2385 939 2428 dnbio
980 2387 1159 2438 Latine,·
1201 2386 1364 2429 Graece
1392 2387 1620 2433 Λουκίλλιος
1657 2386 1746 2440 ipse
1782 2386 1896 2428 anth.
1926 2385 2023 2429 Pal.

310 2459 372 2504 11,
396 2458 476 2496 196
507 2457 546 2496 et
565 2457 793 2508 praeterea
824 2454 1021 2497 lemmata
1050 2456 1398 2509 epiyrammatam
1420 2456 1510 2497 eins
1527 2456 1574 2497 in
1594 2454 1731 2497 codice
1761 2454 2026 2509 antholoyiae

311 2522 425 2576 Pal.)
467 2523 820 2578 epigrammatum
869 2523 1052 2578 scriptor
1095 2523 1209 2566 anth.
1251 2522 1346 2566 Pal.
1384 2523 1565 2577 passim.
1629 2522 1670 2565 A
1710 2522 1882 2564 Nerone
1925 2536 2025 2564 aere

310 2590 493 2632 donatus
522 2591 611 2644 ipse
642 2590 756 2632 anth.
788 2590 883 2632 Pal.
910 2594 949 2641 9,
980 2594 1080 2633 572.
1132 2590 1197 2644 Cf.
1228 2591 1350 2645 infra
1377 2605 1420 2633 n.
1441 2594 1527 2634 286
1556 2590 1751 2633 Lucilius
1783 2590 1942 2632 Iunior.

226 2659 305 2701 281
340 2664 380 2701 C.
413 2664 641 2699 LVCILIVS
683 2658 732 2701 O.
763 2658 805 2711 f.,
848 2659 1120 2701 triumvirum
1161 2658 1446 2715 oap(italium)
1489 2663 1518 2701 t.
1548 2659 1832 2712 Aquileiensis
1863 2658 1904 2701 V
1923 2661 2023 2701 872.

310 2726 514 2768 Fortasse
544 2725 736 2780 Aaynsto
766 2727 991 2779 antiquior.

226 2795 310 2837 282
341 2800 571 2835 LVCILIVS
613 2800 892 2836 AFRICANVS
934 2794 1195 2837 clarissimus
1235 2796 1323 2837 vir:
1367 2796 1404 2837 ei
1437 2811 1474 2839 a.
1509 2796 1588 2838 138
1620 2796 1815 2851 permisit
1851 2801 2024 2837 senatus

311 2862 526 2904 nundinas
557 2861 621 2903 bis
657 2862 701 2919 in
731 2876 876 2903 mense
917 2862 1075 2904 habere
1116 2865 1290 2918 regione
1320 2864 1536 2918 Beguensi
1571 2864 1821 2919 provinciae
1849 2862 2025 2904 Africae

318 2930 439 2972 VIII
460 2933 546 2972 270
577 2950 631 2963 z
665 2929 787 2971 VIII
809 2930 854 2972 S.
881 2934 1025 2975 11451.

229 2999 312 3040 283
346 2998 446 3041 Sex.
493 2997 686 3040 Lucilius
730 2999 891 3040 Bassus
941 3000 1216 3053 (praenomen
1266 2999 1468 3042 dederunt
1516 2999 1750 3053 diplomata
1802 2998 2024 3048 militaria,

312 3067 366 3120 cf.
387 3065 538 3119 infra).
578 3065 717 3107 Plane
749 3066 961 3116 incertum,
991 3081 1091 3108 num
1120 3082 1169 3110 ex
1187 3069 1318 3122 stirpe
1339 3068 1497 3110 Isaoilii
1519 3067 1651 3109 Bassi
1679 3081 1795 3120 quem
1824 3069 2028 3108 memorat

310 3133 455 3175 Cicero
487 3133 543 3175 ad
571 3132 662 3174 Att.
690 3135 759 3182 12,
779 3135 818 3182 5,
841 3136 882 3174 2.
905 3158 958 3163 -
990 3134 1237 3177 Praefectus
1269 3134 1361 3177 alae
1397 3135 1494 3177 Tae.
1515 3135 1556 3177 h.
1577 3137 1620 3184 2,
1643 3138 1738 3177 100.
1788 3133 1830 3176 Α
1849 3133 2024 3176 Vitellio

315 3201 556 3243 Ravennati
586 3199 713 3242 simul
745 3207 787 3242 et
816 3200 1049 3243 Misenensi
1080 3202 1287 3245 classibus
1327 3204 1595 3259 praepositus
1624 3203 1681 3245 ib.
1739 3203 1880 3244 Iratus
1911 3201 2027 3258 quod

314 3283 401 3310 non
432 3269 574 3310 statim
603 3268 846 3323 praefectus
876 3270 1090 3324 praetorio
1121 3270 1260 3312 factus
1296 3271 1362 3324 sit,
1396 3270 1575 3313 classem
1604 3271 1899 3313 Ravennatem
1930 3268 2026 3311 Fla-

315 3337 453 3378 vianis
488 3335 679 3391 prodidit
711 3335 808 3379 Tac.
839 3335 878 3378 h.
909 3339 952 3386 2,
984 3340 1078 3379 100.
1109 3341 1201 3379 101.
1240 3341 1279 3387 3,
1313 3342 1367 3381 12
1397 3339 1451 3392 of.
1485 3352 1518 3380 c.
1548 3341 1614 3381 36.
1644 3342 1712 3382 40.
1771 3339 1822 3380 In
1850 3337 2027 3380 vincula

234 1663 293 1873 llll
