2202 3724
137 281 328 320 MODIVS
1006 274 1089 317 385
1643 279 1946 317 MONOBAZVS

137 415 223 459 480
252 414 307 468 Q.
334 413 520 468 Medius,
553 412 602 457 O.
624 412 743 455 Vibii
775 412 969 454 Postumi
1001 410 1200 465 (fortasse
1229 411 1317 453 eius
1346 413 1420 466 qui
1440 411 1673 466 proconsul
1702 411 1836 454 Asiae
1865 411 1950 466 fuit

222 483 300 525 sub
333 482 519 538 Nerone)
549 481 696 531 frater,
728 487 906 537 propter
935 479 1062 522 huius
1090 487 1135 521 ut
1155 479 1330 521 videtur
1357 480 1513 522 merita
1542 487 1684 523 statua
1714 479 1949 522 honoratus

224 566 250 592 a
278 550 554 606 Magnetibus
585 548 639 591 ad
669 548 955 591 Maeandrum
986 551 1013 590 t.
1045 548 1294 602 Maynesiae
1321 563 1433 603 rep.,
1472 562 1542 602 ap.
1573 548 1717 591 zmler
1749 562 1784 590 v.
1815 547 1950 591 Gaer-

225 619 391 674 trinyen
420 617 507 660 ath.
539 617 685 661 Mitth.
716 619 823 659 1894
843 631 892 671 p.
913 619 983 659 25.

137 687 219 731 481
253 686 427 730 Modius
456 686 638 743 Aequus
669 683 772 740 (pro
802 684 953 732 Μόδιος
982 685 1028 727 in
1057 684 1269 727 codicibus
1298 698 1422 739 saepe
1452 684 1604 739 {coitur
1634 683 1842 735 Μονόδιος,
1868 699 1951 738 pro

224 755 396 803 Αἶκουος
433 755 563 797 etiam
600 753 778 801 Εὔκουος
817 757 856 796 et
888 751 1058 805 Ἔκυοςς
1109 751 1339 799 Αἰκοΰϊκλος
1377 752 1510 794 scribi
1546 753 1671 795 iussit
1707 753 1949 803 Hudsonu&

228 823 356 879 ‘quod
382 823 638 878 Aequicolus
666 823 751 864 sive
779 821 1015 876 Aequicola
1051 835 1274 876 coynomen
1303 821 1436 875 fuerit
1466 820 1757 872 M0d2·0rum’;
1784 824 1823 864 et
1851 835 1953 864 sane

223 893 494 949 reperiuntur
532 891 746 946 Septimus
786 889 959 933 Modius
995 904 1072 932 rex
1110 889 1441 944 Aequicolarum
1480 889 1527 931 in
1567 889 1707 932 libello
1743 889 1793 932 de
1823 905 1951 944 prae-

222 961 464 1005 nominibus
491 963 531 1012 1,
568 960 616 1013 Q.
640 958 817 1002 Modms
835 958 1073 1012 Equiculus
1100 957 1165 1000 vel
1193 957 1450 1011 Aequicolus
1480 972 1550 1012 ap.
1582 957 1814 1000 Varronem
1841 973 1887 1001 re
1915 973 1953 1001 r.

225 1034 270 1082 2,
293 1033 331 1081 7,
353 1030 408 1084 1),
440 1027 684 1086 praefectus
714 1028 827 1082 regis
858 1026 1081 1083 Agrippae
1110 1027 1288 1068 iunioris
1309 1025 1512 1080 Iosephus
1537 1026 1609 1070 vit.
1631 1029 1698 1069 11.
1727 1030 1797 1069 24.
1829 1029 1895 1069 36.

139 1099 224 1142 482
253 1104 443 1141 MODIVS
472 1103 639 1139 IVLIVS
677 1096 845 1150 legatus
878 1109 957 1151 pro
988 1102 1185 1151 praetore
1218 1095 1470 1136 Britanniae
1510 1093 1606 1136 VII
1622 1096 1717 1138 838.
1749 1098 1830 1137 964
1859 1096 1951 1150 (sub

225 1166 489 1222 Elagabalo,
521 1167 561 1208 si
587 1168 698 1207 recte
728 1164 856 1206 lectus
885 1166 923 1206 et
953 1163 1140 1217 expletus
1169 1166 1229 1205 est
1259 1163 1312 1204 ab
1344 1162 1572 1205 Huebnero
1604 1165 1632 1204 t.
1664 1166 1774 1219 964).

140 1237 226 1280 483
253 1234 368 1291 (C.‘?)
398 1240 588 1277 MODIVS
630 1238 804 1275 IVSTVS
845 1232 1126 1286 (praenomen
1161 1245 1212 1273 ex
1242 1230 1365 1272 VIII
1384 1230 1515 1285 2373)
1556 1229 1726 1285 legatus
1768 1231 1954 1287 Augusti

226 1319 306 1361 pro
336 1319 402 1361 pr.
431 1302 675 1356 Numidiae,
708 1299 857 1343 consul
888 1299 1011 1342 VIII
1028 1301 1151 1342 2746.
1203 1298 1329 1341 Uxor
1351 1298 1526 1352 Stat(ia)
1556 1298 1802 1354 Agrippina
1823 1301 1878 1344 ὦ.
1903 1325 1953 1330 ——-

225 1372 432 1416 Fortasse
460 1371 570 1414 idem
600 1370 649 1413 O.
679 1368 785 1412 Mod
802 1402 812 1412 .
830 1402 840 1412 .
859 1402 868 1412 .
902 1367 1026 1411 VIII
1048 1370 1174 1411 2373.

141 1442 227 1485 484
256 1441 307 1485 O.
337 1440 511 1483 Medius
539 1440 732 1482 Taurus:
764 1438 856 1480 eius
888 1451 1039 1479 servus
1070 1435 1138 1478 VI
1150 1438 1300 1478 13425.
1345 1435 1552 1478 Fortasse
1581 1435 1702 1478 homo
1732 1436 1899 1479 nobilis.

142 1511 225 1553 485
255 1509 430 1552 Medius
461 1508 764 1562 Terventinus,
795 1505 1041 1562 praefectus
1070 1503 1370 1546 vehiculorum
1400 1519 1437 1546 a.
1465 1504 1550 1546 214
1581 1507 1609 1546 t.
1634 1504 1825 1547 urbanus
1857 1505 1957 1547 bull.

227 1577 444 1621 comunalc
473 1579 584 1620 1884
603 1591 652 1631 p.
672 1578 701 1618 8
729 1589 771 1618 n.
794 1578 885 1618 709.

141 1648 226 1691 486
255 1647 404 1690 Modia
431 1660 581 1689 nomen
610 1645 796 1700 feminae
826 1643 970 1686 divitis
1000 1641 1117 1697 apud
1144 1641 1387 1684 Iuvenalem
1413 1644 1494 1684 sat.
1525 1644 1564 1692 3,
1598 1645 1691 1685 130.

157 1741 214 1746 -
257 1714 519 1772 [VAL]ERIA
550 1712 776 1769 MAR[CIA]
807 1718 1045 1754 HOSTILIA
1075 1716 1307 1752 CRISPINA
1338 1716 1533 1752 MOEOIA
1565 1716 1834 1753 CORNELIA.

144 1785 228 1828 487
260 1784 451 1827 Moesius
481 1782 756 1836 Gallicanus,
798 1780 1043 1838 praefectus
1070 1780 1287 1836 praetorio
1319 1778 1399 1821 sub
1429 1778 1580 1822 Tacito
1612 1794 1650 1821 a.
1681 1780 1764 1822 275
1798 1779 1959 1834 Vopisc.

226 1854 299 1898 vit.
337 1853 435 1897 Tac.
463 1855 503 1904 8,
531 1855 572 1894 3.
1507 1892 1510 1894 .

145 1923 230 1966 488
259 1922 508 1976 Monaeses,
552 1919 760 1975 Parthus,
801 1934 837 1962 a.
875 1919 956 1961 '717
996 1917 1051 1960 ad
1091 1917 1330 1960 Antonium
1368 1916 1622 1972 transfugit,
1667 1932 1771 1960 mox
1811 1932 1959 1960 recon-

233 1990 402 2034 ciliatus
434 1989 641 2033 Phrahati
672 1990 888 2031 Romanos
918 1987 1075 2042 affligit
1104 1985 1194 2028 Dio
1213 1989 1279 2036 49,
1302 1989 1371 2029 23.
1397 1989 1479 2037 24,·
1509 1985 1629 2028 Plut.
1650 1986 1754 2028 Ant.
1785 1990 1852 2030 37.
1884 1990 1961 2038 46;

138 2081 149 2083 -
232 2060 388 2104 Horat.
419 2073 550 2102 carm.
579 2061 619 2110 3,
650 2061 688 2108 6,
720 2061 758 2100 9.
816 2056 887 2110 Cf.
919 2055 1157 2098 Mommsen
1185 2068 1295 2097 mon.
1326 2053 1456 2097 Anas
1478 2069 1527 2109 p.
1550 2057 1647 2098 125.

146 2130 231 2173 489
260 2129 499 2183 Monaeses,
533 2127 732 2181 Parthus,
764 2141 791 2168 a
814 2124 1056 2179 Vologaese
1091 2138 1189 2166 cum
1220 2124 1416 2166 exercitu
1445 2124 1604 2165 missus
1633 2124 1676 2164 in
1708 2123 1959 2166 Armeniam

232 2198 544 2253 Tigranocerta
593 2194 756 2237 frustra
809 2193 976 2236 obsidet
1032 2193 1129 2236 Tac.
1172 2207 1212 2234 a.
1254 2194 1329 2242 15,
1368 2195 1411 2235 2.
1451 2195 1491 2234 4.
1534 2194 1562 2234 5
1571 2205 1586 2243 ;
1643 2191 1732 2234 Dio
1771 2195 1846 2243 62,
1888 2197 1960 2236 20.

231 2267 424 2322 Legatus
452 2266 610 2307 missus
639 2264 695 2306 ad
723 2262 1016 2305 Corbulonem
1045 2260 1133 2304 Dio
1164 2263 1234 2311 62,
1266 2264 1340 2304 22.

146 2336 233 2379 490
261 2334 542 2388 Monobazus,
564 2332 892 2377 Adiabenorum
914 2345 1004 2384 rex,
1028 2335 1313 2384 cognomento
1335 2329 1543 2383 Bazaeus,
1562 2328 1697 2371 frater
1718 2335 1760 2371 et
1780 2330 1961 2372 maritus

232 2403 440 2458 Helenae,
466 2409 590 2459 pater
613 2402 742 2444 Izatis
765 2407 807 2443 et
827 2398 1057 2442 Monobazi
1079 2398 1260 2440 iunioris
1287 2397 1493 2451 Iosephus
1518 2400 1606 2439 ant.
1637 2400 1708 2447 20,
1739 2400 1815 2449 22,
1847 2402 1886 2441 1.
1916 2403 1960 2442 2.

147 2473 228 2516 491
262 2472 549 2526 Monobazus,
581 2469 811 2513 Monobazi
840 2469 1000 2511 Bazaei
1032 2473 1074 2509 et
1102 2466 1298 2509 Helenae
1327 2465 1463 2519 filius,
1503 2465 1627 2508 fratri
1666 2467 1822 2508 minori
1854 2467 1960 2509 Izati

235 2554 419 2596 regnum
439 2538 762 2583 Adiabenorum
784 2544 928 2579 servat
948 2534 1114 2590 Ioseph.
1133 2538 1222 2577 ant.
1243 2538 1314 2585 20,
1335 2537 1379 2585 2,
1402 2537 1456 2586 2;
1477 2533 1617 2576 eidem
1639 2541 1736 2590 post
1757 2541 1963 2591 quattuor

235 2617 278 2652 et
295 2610 453 2664 viginti
472 2623 608 2651 annos
630 2606 719 2663 (sed
743 2607 797 2660 cf.
818 2606 895 2648 sub
918 2604 1054 2658 Izate)
1086 2605 1130 2646 in
1161 2617 1294 2658 regno
1325 2602 1519 2645 succedit
1547 2603 1604 2646 ib.
1627 2616 1660 2647 c.
1681 2606 1721 2653 4,
1741 2606 1781 2647 3.
1831 2602 1886 2645 A.
1908 2605 1963 2646 62

234 2678 290 2721 ad
319 2677 607 2733 Vologaesem
639 2689 785 2731 regem
815 2673 1078 2718 Parthorum
1108 2672 1305 2726 confugit
1340 2672 1438 2714 Tac.
1462 2686 1502 2713 a.
1524 2674 1590 2722 15,
1610 2675 1651 2714 1.
1711 2671 1962 2728 Expeditio-

233 2761 337 2789 num
375 2745 678 2789 Parthicarum
722 2745 765 2786 in
805 2742 1014 2786 Armenia
1053 2755 1196 2784 comes
1238 2741 1338 2784 Tac.
1371 2755 1411 2784 a.
1441 2743 1508 2791 15,
1540 2743 1594 2782 14
1603 2753 1617 2791 ,·
1659 2739 1749 2782 Dio
1779 2743 1858 2791 62,
1890 2744 1962 2784 20.

235 2814 474 2859 Corbuloni
505 2813 677 2857 obsides
708 2813 783 2855 dat
812 2811 901 2854 Dio
932 2814 1002 2861 62,
1030 2813 1100 2853 23.
1160 2808 1345 2852 Liberos
1376 2809 1557 2851 Romam
1588 2809 1721 2850 mittit
1749 2823 1836 2850 una
1864 2824 1962 2850 cum

235 2883 430 2926 Tiridate
468 2882 774 2925 Armeniorum
814 2894 917 2935 rege
954 2895 993 2922 a.
1022 2880 1077 2922 66
1115 2878 1204 2921 Dio
1244 2881 1310 2929 63,
1352 2881 1390 2920 1.
1429 2901 1480 2906 —-
1522 2877 1782 2920 Iudaeorum
1821 2877 1965 2919 fautor

235 2951 399 3007 Ioseph.
422 2955 509 2994 ant.
532 2954 602 3000 20,
625 2954 664 3001 4,
688 2954 726 2992 1.
777 2949 974 2992 Donaria
1003 2947 1058 2990 ab
1090 2962 1140 2990 eo
1171 2948 1215 2988 in
1244 2946 1402 3003 templo
1429 2945 1824 3001 Hierosolymitano
1846 2945 1963 2987 dedi-

236 3028 334 3064 cata
365 3019 597 3063 Mischnah
628 3019 752 3061 Ioma
779 3021 819 3068 3,
853 3021 905 3060 10
936 3030 1062 3071 quam
1093 3016 1199 3058 citat
1228 3014 1438 3059 Schuerer
1464 3014 1613 3058 Geseh.
1651 3014 1720 3056 des
1741 3013 1966 3068 jedischen

242 3089 367 3132 Volks
386 3089 447 3131 ΙΙ
452 3089 469 3113 ²
492 3103 540 3142 p.
561 3090 643 3130 563
669 3089 758 3129 not.
778 3088 876 3130 286.
925 3085 1093 3127 Fratris
1125 3090 1168 3126 et
1195 3084 1347 3125 matris
1378 3098 1474 3125 ossa
1502 3081 1806 3137 Hierosolyma
1834 3082 1966 3123 mittit

236 3156 400 3213 Ioseph.
434 3160 521 3201 ant.
553 3159 624 3207 20,
655 3159 694 3206 4,
724 3158 765 3197 3.
831 3154 1031 3197 Porticus
1071 3166 1207 3210 prope
1236 3151 1544 3207 Hierosolyma
1583 3151 1638 3192 ab
1670 3165 1719 3192 eo
1750 3149 1966 3206 appellata

233 3225 399 3281 Ioseph.
433 3225 471 3267 b.
503 3224 599 3269 Iud.
639 3226 679 3274 5,
720 3226 759 3273 6,
800 3226 838 3265 1.
907 3222 1149 3279 Propinqui
1195 3221 1286 3263 eius
1337 3219 1535 3262 seditioni
1577 3218 1780 3261 Iudaicae
1831 3232 1868 3259 a.
1910 3217 1964 3259 66

237 3309 283 3337 se
312 3293 556 3336 immiscent
581 3292 638 3337 ib.
668 3295 711 3342 2,
744 3293 812 3342 19,
842 3294 886 3334 2.

218 3365 499 3402 Prosopographin
518 3364 601 3400 Imp.
620 3364 713 3392 Rom.
750 3362 795 3392 ΙΙ.
1646 3352 1692 3388 25
