2190 3724
116 275 360 314 DOMITIVS
1002 270 1056 312 19
1693 276 1933 314 DOMITIVS

205 406 298 462 opp'.
319 410 346 449 5
370 422 417 461 p.
439 405 539 462 190]
573 405 788 449 destinata
817 407 856 448 ei
895 407 980 448 iam
1011 421 1050 448 a.
1083 406 1163 449 717
1195 405 1282 449 Dio
1312 410 1379 456 48,
1410 410 1463 449 54
1494 404 1584 460 (qui
1615 410 1756 449 tamen
1775 422 1860 462 pro
1889 423 1934 451 eo

203 479 375 530 patrem
415 476 505 518 eius
544 476 747 525 nominat,
788 489 931 518 errore
964 476 1056 517 sine
1085 474 1229 530 dubio)
1261 477 1316 529 cf.
1348 474 1574 518 Plutarch.
1606 475 1765 518 Anton.
1798 491 1831 518 c.
1858 480 1936 526 87,-

202 544 300 586 filii:
333 544 412 587 Cn.
436 544 655 586 Domitius
678 543 997 586 Ahenobarbus
1026 543 1100 588 (D.
1122 546 1233 598 109),
1266 544 1460 586 Domitia
1490 542 1564 594 (D.
1586 547 1697 599 148),
1729 545 1923 587 Domitia

203 612 370 669 Lepida
390 613 464 663 (D.
489 615 597 666 155).
618 638 675 642 —
696 612 787 654 Aut
816 612 941 654 leuius
967 616 1040 654 aul
1061 613 1132 654 avi
1151 612 1334 654 consulis
1356 627 1395 654 a.
1421 616 1500 654 700
1523 612 1698 655 libertus
1717 613 1797 656 XI
1809 617 1933 662 2638,

121 683 193 724 111
231 689 275 723 L.
310 687 548 723 DOMITIVS
585 687 954 723 AHENOBARBVS
997 685 1274 735 (praenomen
1314 683 1522 723 testantur
1562 681 1682 723 Plut.
1722 681 1826 724 Ant.
1856 684 1936 731 87;

205 751 310 792 Viet.
349 748 468 792 Caes.
500 753 540 800 5,
569 753 625 806 1),
657 749 769 792 filius
802 750 880 793 Cn.
913 750 1095 792 Domitii
1126 749 1405 792 Ahenobarbi
1436 749 1624 792 consulis
1656 765 1693 794 a.
1716 750 1783 804 32,
1816 765 1854 791 a.
1879 751 1935 792 50

203 818 244 861 d.
275 819 330 861 25
361 817 489 862 Febr,
521 817 749 874 adoptatus
780 834 806 860 a
834 817 1029 860 Claudio.
1081 818 1125 860 V.
1156 818 1272 859 Nero
1303 817 1513 860 Claudius
1545 817 1719 861 Caesar.

120 888 200 930 112
232 893 472 929 DOMITIVS
504 893 607 928 ANE
641 920 649 928 .
674 920 683 929 .
708 920 718 928 .
741 886 895 940 (ANLL
928 886 1068 941 lapis),
1108 887 1242 928 frater
1270 885 1445 928 Arvalis
1477 890 1557 929 aet.
1590 901 1630 928 a.
1662 890 1764 930 221.

119 957 202 998 113
233 956 312 999 Cn.
344 956 564 997 Domitius
595 954 765 997 Annius
795 955 1010 1011 Ulpianus
1046 955 1191 1009 fistula
1222 956 1403 1009 aquaria
1436 970 1522 1010 rep.
1561 957 1603 998 in
1634 955 1755 998 litore
1785 955 1934 998 subur-

205 1025 329 1075 bano,
354 1024 435 1066 XI
445 1026 567 1067 3587.
618 1024 823 1066 Fortasse
852 1038 938 1066 non
969 1024 1156 1066 diversus
1185 1038 1213 1065 a
1230 1023 1422 1066 Domitio
1453 1023 1643 1078 Ulpiano
1669 1024 1935 1067 celeberrimo

203 1093 313 1135 ‘laris
343 1095 514 1135 auctore
545 1091 617 1146 (cf.
650 1093 801 1147 infra).

121 1163 203 1205 114
233 1168 278 1203 L.
312 1167 552 1203 DOMITIVS
584 1166 919 1202 APOLLINARIS
962 1158 1239 1213 (praenomen
1276 1159 1401 1202 habet
1434 1161 1581 1203 titulus
1608 1162 1720 1203 servi
1748 1162 1835 1204 eius
1866 1162 1934 1204 VI

205 1232 345 1284 9310).
407 1228 570 1272 Consul
610 1228 860 1283 designatus
899 1243 936 1270 a.
969 1228 1022 1270 97
1054 1229 1311 1270 sententiam
1352 1228 1456 1270 dicit
1487 1229 1603 1271 Plin.
1635 1245 1697 1284 cp.
1729 1234 1767 1280 9,
1798 1234 1863 1281 13,
1893 1235 1933 1273 3.

204 1299 396 1353 Legatus
437 1297 717 1354 (δικαιοδότης)
763 1297 925 1353 Lyciae
974 1296 1041 1338 CI
1044 1296 1122 1338 Gr.
1161 1300 1285 1339 4236.
1355 1297 1426 1339 Ad
1472 1313 1570 1340 eum
1610 1297 1712 1340 data
1751 1298 1936 1355 epistula
1995 1296 2004 1300 Χ

206 1367 325 1409 Ple'n.
346 1370 384 1417 5,
415 1370 453 1416 6,
487 1367 583 1409 item
612 1369 655 1417 2,
686 1370 712 1408 9
732 1365 974 1422 Apollinari
1004 1365 1222 1419 inscripta.
1275 1365 1472 1408 Eundem
1492 1366 1787 1420 Apollinarem
1809 1367 1935 1409 Mar-

202 1436 320 1478 te'ale‘s
359 1435 528 1490 saepius
568 1437 883 1484 commemorat,
924 1434 1045 1476 vizodo
1089 1434 1285 1475 earmina
1313 1448 1393 1476 sua
1423 1435 1463 1476 e‘e'
1498 1436 1614 1477 carie
1644 1436 1935 1479 commendans

201 1508 240 1555 4,
271 1507 348 1555 86;
388 1507 426 1554 7,
457 1508 516 1547 26
525 1517 539 1555 ,·
577 1507 642 1554 11,
674 1506 747 1553 15,
790 1502 911 1545 modo
952 1502 1135 1545 laudans
1172 1502 1318 1544 villam
1354 1503 1442 1545 eius
1471 1503 1519 1545 F
1516 1504 1754 1546 ormianam
1783 1509 1850 1555 10,
1880 1508 1934 1547 30

203 1572 448 1628 (praeterea
479 1576 516 1623 7,
544 1575 612 1622 89,
635 1575 697 1629 2).
717 1596 775 1601 -
803 1571 940 1614 Filius
972 1572 1076 1625 eius,
1109 1571 1311 1613 tribunus
1342 1579 1390 1613 ut
1419 1571 1594 1614 videtur
1623 1572 1804 1628 legionis
1825 1573 1935 1616 XVI

202 1641 383 1684 Flaviae
410 1642 603 1696 Firmae,
646 1641 884 1683 honoratur
917 1656 944 1683 a
973 1646 1125 1683 senatu
1155 1639 1408 1682 Tloensium
1446 1640 1516 1683 C'I
1517 1640 1596 1684 Gr.
1626 1645 1738 1685 4236
1768 1640 1935 1694 (nomen

201 1701 286 1765 filii
312 1710 471 1767 periit).

119 1779 200 1822 115
231 1785 472 1822 DOMITIVS
513 1786 790 1822 ARISTAEVS
831 1785 1118 1820 ARABIANVS
1156 1778 1323 1834 legatus
1363 1779 1613 1835 provinciae
1642 1779 1795 1833 Asiae,
1837 1795 1932 1837 pro-

203 1847 377 1890 consule
397 1847 551 1890 ·Tineio
569 1847 803 1891 Sacerdote
821 1847 913 1899 (sub
936 1848 1062 1902 finem
1081 1848 1203 1905 reyne'
1224 1847 1423 1902 Septimii
1437 1848 1612 1904 Severi),
1635 1849 1698 1891 tit.
1717 1848 1934 1904 Phr-wius

209 1915 358 1958 CIGr.
387 1919 538 1971 38829
569 1916 666 1959 add.
690 1931 736 1971 p.
759 1920 868 1958 1100
898 1936 953 1950 =
985 1915 1271 1970 Waddinyton
1301 1919 1423 1958 1707.

118 1985 199 2044 ῙῙβ
229 1992 331 2026 ΙΜΡ.
374 1991 570 2027 CAESAR
611 1991 656 2027 L.
695 1991 936 2027 DOMITIVS
972 1991 1293 2026 AVRELIANVS
1334 1991 1448 2026 AVG.
1501 1983 1579 2036 (Sic
1626 1986 1932 2041 inscr'ejpl‘e'mles,

201 2053 252 2096 L.
282 2053 409 2097 Dom.
439 2054 502 2096 vel
532 2054 588 2097 D.
610 2053 872 2096 Aurelianus
902 2054 1085 2104 nummi,
1114 2053 1316 2095 Valerius
1336 2052 1601 2096 Aurelianus
1632 2055 1814 2108 epistula
1839 2069 1935 2110 sup-

192 2123 399 2176 posz'ticia
423 2136 508 2176 -ap.
538 2123 787 2176 scriplorem
825 2123 936 2165 vitae
965 2121 1197 2164 Aureliani
1225 2135 1258 2163 o.
1290 2125 1357 2171 17,
1390 2122 1488 2163 item
1519 2122 1659 2175 falsus
1687 2123 1833 2165 titulus
1866 2123 1934 2166 VI

201 2194 313 2234 1123
323 2205 336 2242 ;
365 2189 430 2233 Ol.
452 2191 672 2233 Domitius
694 2190 958 2234 Aurelianus
989 2205 1135 2233 errore
1164 2190 1360 2232 nonnulli
1390 2194 1480 2233 orto
1513 2205 1563 2233 ea:
1592 2191 1702 2233 male
1735 2191 1841 2234 lecta
1869 2192 1934 2235 in-

201 2260 429 2314 scriptione
457 2274 721 2302 ncmtmorum
751 2261 852 2316 imp.
885 2259 933 2303 C.
965 2260 1014 2303 L.
1047 2260 1174 2304 Dom.
1206 2258 1503 2314 Aurelianus).

287 2327 424 2370 Natus
445 2327 486 2370 d.
509 2329 535 2370 9
558 2328 675 2384 Sept.
705 2327 819 2371 CIL.
847 2329 880 2371 I
894 2343 942 2383 p.
965 2331 1057 2378 356,
1090 2342 1201 2370 anno
1231 2329 1391 2370 incerto
1412 2327 1484 2381 (of.
1507 2329 1659 2384 infra).
1711 2328 1934 2372 Oriundus

202 2397 341 2439 Dacia
370 2397 532 2454 ripensi
561 2397 743 2451 Eutrop.
771 2401 810 2448 9,
841 2400 894 2439 13
933 2396 1035 2448 (hoo
1065 2397 1217 2450 repetit
1246 2400 1285 2438 et
1315 2397 1405 2439 alia
1436 2396 1485 2439 (le
1516 2397 1678 2451 ori-aine
1705 2397 1935 2440 Aureliani

203 2466 324 2508 addit
353 2466 442 2508 vita
468 2480 502 2508 o.
522 2468 580 2522 3),
611 2467 782 2521 genitus
813 2473 936 2522 patre
963 2465 1169 2507 mediocri
1202 2472 1255 2519 et,
1290 2472 1337 2507 ut
1366 2465 1544 2522 quidam
1574 2465 1732 2521 ferunt,
1763 2466 1933 2509 Aurelii

200 2534 426 2589 clarissimi
453 2536 663 2577 senatoris
690 2534 841 2577 colono
868 2536 980 2577 inter
999 2534 1181 2577 Daciam
1214 2541 1257 2576 et
1288 2534 1592 2577 Macedoniam
1621 2535 1762 2578 Victor
1783 2551 1844 2590 ep.
1866 2538 1931 2578 35.

201 2602 269 2646 De
306 2603 469 2657 privati
505 2604 594 2646 eius
632 2604 721 2646 vita
750 2603 885 2646 multa
914 2606 1070 2645 narrat
1100 2602 1357 2658 bioyraplms
1387 2617 1420 2644 e.
1449 2606 1601 2653 4—18,
1632 2603 1708 2646 sed
1725 2603 1934 2658 pleraque

201 2672 514 2723 connitentioia;
549 2673 759 2727 niwrv'm'is
790 2672 839 2714 de
869 2671 1090 2714 consulatu
1121 2672 1209 2713 eius
1231 2671 1398 2725 privati
1423 2686 1531 2725 quae
1559 2675 1716 2713 narrat
1745 2686 1778 2713 e.
1810 2675 1876 2721 11,
1905 2678 1934 2713 8

199 2743 239 2782 et
267 2754 300 2782 c.
324 2743 388 2791 13,
410 2744 437 2782 4
466 2740 719 2794 refelluntur
749 2756 799 2783 ea
828 2756 874 2783 re
895 2740 1006 2794 quod
1024 2740 1288 2783 Aurelianus
1306 2740 1500 2794 primum
1527 2739 1788 2782 emtsulatmn
1805 2741 1934 2794 yessit

206 2809 447 2863 imperator.
493 2809 661 2851 Auctor
690 2809 835 2852 caedis
858 2809 1046 2854 Gallieni
1079 2809 1183 2852 Vz'ct.
1214 2809 1334 2852 Caes.
1355 2812 1421 2858 33,
1443 2813 1525 2859 21,·
1555 2809 1754 2851 Zonaras
1775 2812 1844 2858 12,
1861 2812 1932 2851 25.

203 2876 244 2919 Α
270 2876 454 2920 Claudio
486 2877 696 2919 moriente
726 2877 884 2932 dignus
914 2878 1093 2934 imperio
1124 2877 1427 2933 pronuntiatus
1449 2877 1609 2920 Zonar.
1631 2881 1701 2926 12,
1727 2880 1797 2919 26.
1848 2877 1931 2918 Ιιῃ-

204 2951 377 3001 perator
407 2945 547 2987 factus
584 2961 622 2988 a.
655 2945 752 2988 270.
808 2945 970 2989 Consul
1001 2961 1038 2990 a.
1070 2946 1149 2988 271
1185 2961 1283 2987 cum
1319 2946 1557 3002 Pomponio
1588 2946 1736 2998 Basso,
1770 2960 1856 2989 cos,
1888 2945 1930 2986 ΙΙ

204 3027 239 3054 a.
273 3013 357 3055 274
387 3028 484 3056 cum
506 3013 762 3070 CapitolinO,
795 3028 880 3057 cos.
903 3015 971 3056 Ill
1001 3030 1038 3056 a.
1061 3014 1144 3057 275
1166 3029 1263 3056 cum
1294 3013 1560 3056 Marcellino.
1609 3013 1737 3070 Apud
1767 3013 1929 3056 Caeno-

203 3079 430 3135 phrurium
449 3081 573 3123 ‘falsa
588 3081 774 3138 quadam
795 3083 1041 3138 suspicione
1061 3082 1116 3125 ab
1137 3083 1286 3125 amicis
1307 3083 1397 3124 suis
1414 3083 1712 3138 interemptus'
1732 3082 1929 3123 Lactant.

204 3147 253 3190 (le
282 3152 405 3191 mort.
438 3163 555 3204 pers.
588 3153 614 3192 6
645 3150 745 3200 alii,
781 3165 818 3191 a.
860 3151 942 3193 275
985 3151 1039 3204 ef.
1077 3150 1300 3193 Te'llemont
1338 3150 1486 3193 Aurel.
1517 3153 1603 3194 not.
1634 3154 1674 3201 3,
1716 3149 1876 3192 an-leel
1905 3154 1930 3191 6

205 3231 252 3270 p.
283 3220 376 3261 485.
434 3218 561 3260 Vixit
597 3232 733 3260 annos
773 3218 882 3260 LXI
922 3219 1118 3261 IlIalalas
1159 3219 1185 3261 l.
1227 3218 1335 3261 XII
1365 3234 1406 3272 p.
1432 3222 1513 3261 301
1544 3218 1613 3269 Β.,
1654 3218 1764 3272 quod
1790 3220 1930 3272 potest

204 3298 345 3326 verum
375 3298 473 3335 esse,
504 3300 639 3328 annos
665 3286 839 3329 LXXV
869 3286 1009 3329 cleron.
1035 3287 1186 3329 Pasele.
1211 3302 1258 3341 p.
1278 3290 1361 3330 509
1372 3287 1442 3337 Β,
1470 3287 1592 3336 male,
1625 3287 1679 3339 ef.
1708 3285 1930 3328 Te'llemont

205 3355 290 3395 not.
312 3356 350 3394 1.
405 3353 553 3397 Uxor:
584 3353 717 3411 Ulpia
747 3354 968 3398 Severina.

1598 3420 1651 3455 2*
