2202 3724
138 303 379 340 MINVCIVS
1000 293 1078 334 381
1596 294 1941 334 MITHRIDATES

137 433 221 476 446
250 432 470 476 Minucius
510 432 725 475 Thermus
763 431 939 485 (minut-
976 431 1133 485 codex),
1176 445 1307 487 eques
1343 431 1576 485 Romanus,
1617 430 1672 473 ob
1707 431 1940 473 amicitiam

222 501 367 544 Seiani
399 501 628 544 damnatus
664 500 762 543 Tac.
794 514 835 542 a.
865 503 904 551 6,
938 503 975 542 7.
1034 500 1249 542 Incertum
1288 513 1389 542 num
1425 498 1630 541 oriundus
1671 514 1699 541 a
1733 499 1942 541 Minuciis

229 569 422 612 Thermis
459 569 618 612 liberae
656 569 722 610 rei
750 567 963 622 publicae.
1020 567 1110 610 Nec
1141 568 1277 622 mayis
1308 571 1465 610 certum
1494 570 1638 610 utrum
1667 567 1726 610 ad
1755 568 1944 610 Minucii

223 637 404 680 alicuius
440 637 615 680 Thermi
643 637 814 679 libertos
842 639 995 691 spectet
1026 636 1093 678 VI
1113 638 1270 679 22541.

148 729 207 736 -
251 711 476 748 MINICIVS
507 711 804 747 TIMINIANVS
833 718 871 747 v.
901 705 1118 747 Minucius
1150 704 1388 761 Oppianus,

136 774 219 817 447
250 780 450 816 MINICIA
470 780 745 816 MARCELLA
766 772 968 815 Fundani
995 772 1085 815 filia
1114 773 1287 828 (scilicet
1313 772 1359 816 C.
1384 773 1560 815 Minicie'
1576 773 1784 816 Fundani
1808 788 1943 829 supra

219 857 262 885 n.
286 845 397 899 433),
428 842 633 884 defuncta
662 857 797 884 annos
827 848 929 884 nata
957 842 1048 883 XII
1078 856 1245 883 menses
1276 842 1343 884 XI
1374 841 1465 883 dies
1485 842 1572 884 VII
1603 844 1664 885 tit.
1692 843 1944 897 sepulcralis

228 910 296 953 VI
316 913 462 953 16631.
522 910 708 952 Mortem
738 910 825 952 eius
854 909 976 963 deflet
1005 912 1043 952 et
1075 923 1210 951 mores
1241 909 1391 952 laudat
1420 909 1589 952 Plinius
1615 914 1654 960 5,
1679 915 1733 953 16
1762 911 1943 966 epistula

222 979 384 1033 scripta
404 993 444 1022 a.
467 981 545 1022 105
565 979 741 1029 vel106‚
773 979 847 1032 qui
873 979 1013 1020 minus
1043 981 1240 1020 accurate
1261 978 1366 1020 dicit
1391 993 1483 1021 eam
1512 979 1695 1021 nondum
1725 983 1942 1033 quattuor-

223 1046 355 1090 decim
385 1060 518 1090 annos
547 1047 791 1101 implevisse.
850 1047 943 1088 Iam
974 1046 1188 1088 destinata
1227 1048 1400 1101 egregio
1443 1047 1611 1101 iuveni,
1646 1062 1743 1089 eum
1773 1055 1943 1092 mortua

223 1122 298 1170 est,
330 1116 416 1157 iam
448 1114 540 1157 dies
570 1115 820 1171 nuptiarum
851 1114 1013 1156 electus
1044 1114 1160 1156 Plin.
1195 1115 1221 1157 l.
1253 1130 1286 1159 c,

136 1184 220 1226 448
250 1190 451 1226 MINICIA
481 1189 713 1235 PAETINA,
747 1183 796 1227 L.
827 1183 870 1237 f.,
903 1198 1015 1225 uxor
1037 1182 1085 1226 C·
1107 1182 1257 1226 Rutilii
1280 1182 1436 1226 Gallici
1468 1183 1694 1239 (praefecti
1717 1185 1835 1228 urbis
1862 1186 1942 1229 sub

221 1252 490 1307 Domitiano)
520 1253 585 1294 tit.
622 1252 897 1294 Taurinensis
927 1251 969 1294 V
983 1254 1106 1294 6990.

139 1321 222 1364 449
253 1321 302 1363 Ρ.
322 1320 542 1374 Minidius,
574 1335 662 1362 una
690 1335 788 1362 cum
809 1320 1014 1362 Vitruvio
1045 1326 1088 1362 et
1117 1319 1288 1362 duobus
1319 1319 1414 1362 aliis
1436 1319 1632 1375 Augusto
1661 1322 1732 1364 ‘ad
1762 1337 1942 1378 appara·

222 1389 380 1431 tionem
421 1389 690 1431 ballistarum
731 1394 773 1430 et
812 1389 1086 1444 scorpionum
1127 1388 1479 1445 reliquorumque
1519 1395 1831 1433 tormentorum
1861 1391 1944 1433 fuit

107 1504 109 1506 ,
221 1464 408 1514 praesto'
427 1473 599 1514 unaque
619 1473 714 1500 cum
737 1458 789 1500 iis
810 1456 865 1499 ab
882 1456 1079 1512 Augusto
1100 1457 1325 1500 commoda
1340 1459 1508 1514 accepit
1528 1458 1743 1502 Vitruvius
1757 1460 1791 1502 I
1795 1463 1941 1515 praef.

153 1553 202 1558 -
247 1532 427 1568 MINVC·
455 1540 492 1569 v.
522 1526 688 1570 Minie-.

148 1620 206 1625 —-
248 1595 507 1638 Mirissimus
536 1596 609 1638 vit.
639 1595 685 1637 E
691 1594 772 1650 lay.
803 1598 867 1639 15.
927 1595 973 1637 V.
1003 1595 1125 1648 infra
1155 1594 1405 1650 Myrismus.

148 1688 206 1694 —-
248 1663 477 1706 Misitheus
518 1665 589 1706 vit.
627 1663 759 1706 Gora.
790 1667 852 1707 23
880 1677 962 1718 seq.
1031 1663 1076 1706 V.
1107 1677 1240 1718 supra
1275 1663 1324 1707 C.
1355 1664 1516 1706 Furius
1547 1664 1752 1708 Sabinius
1782 1664 1944 1721 Aquila

221 1731 510 1774 Timasitheus
541 1731 605 1783 (F
627 1731 740 1786 405).

135 1801 219 1843 450
251 1799 515 1843 *Missenius
536 1801 699 1842 Fronto
727 1798 1003 1855 (yentilicium
1032 1801 1103 1843 visc
1131 1800 1321 1855 sanum).·
1350 1803 1605 1858 rescriptum
1637 1803 1942 1859 imperatorum

219 1868 275 1910 ad
306 1883 405 1910 eum
434 1868 535 1924 Diy.
566 1873 634 1920 40,
663 1873 702 1920 4,
733 1872 805 1914 52.
865 1869 1004 1912 Homo
1027 1870 1227 1924 privatus
1246 1871 1407 1924 potius,
1437 1885 1564 1924 quam
1585 1885 1774 1926 praeses.

135 1937 211 1980 451
249 1937 534 1992 Mithridates,
567 1953 647 1980 rex
667 1938 991 1993 Commagenes,
1025 1939 1138 1980 inter
1167 1952 1290 1993 reges
1311 1939 1502 1981 Orientis
1523 1941 1597 1996 qui
1628 1939 1741 1982 bello
1762 1939 1943 1982 Actiaco

220 2013 364 2062 partes
395 2006 573 2049 Antonii
604 2008 741 2049 secuti
775 2013 878 2049 sunt
907 2013 1185 2050 enumeratur
1213 2007 1332 2050 Plut.
1362 2007 1521 2050 Anton.
1552 2012 1616 2051 61.
1688 2008 1861 2051 Videtur
1892 2010 1942 2051 ob

124 2103 137 2106 -
218 2089 311 2116 eam
337 2089 426 2117 rem
455 2075 594 2117 iussus
623 2089 708 2118 csse
746 2076 882 2129 fratri
917 2090 1045 2130 reyno
1085 2075 1227 2118 cedere
1256 2076 1319 2118 vel
1348 2079 1456 2119 certe
1482 2091 1655 2131 reanum
1685 2092 1778 2119 cum
1806 2079 1944 2131 fratre

218 2143 406 2198 partiri,
433 2158 534 2185 nam
556 2143 707 2198 paullo
731 2148 831 2198 post
851 2158 1045 2198 puynam
1074 2144 1299 2186 Actiacam
1328 2148 1587 2187 memoratur
1624 2149 1670 2187 ut
1711 2160 1788 2187 rea·
1824 2146 1943 2188 Com-

216 2226 410 2266 mayenes
428 2211 675 2262 Antiochus,
707 2213 780 2266 qui
806 2226 899 2254 cum
929 2213 1066 2266 fratre
1095 2213 1344 2255 inimicitias
1374 2214 1593 2256 exercebat
1621 2213 1728 2268 (Dio
1757 2217 1827 2264 52,
1859 2214 1942 2268 43).

183 2284 185 2286 ’
217 2280 327 2323 Item
370 2281 533 2323 videtur
562 2284 693 2335 pater
732 2282 821 2323 eius
859 2282 932 2334 qui
970 2282 1180 2334 sequitu-r,
1231 2282 1388 2323 occisus
1432 2297 1459 2323 a
1502 2296 1598 2336 reye
1634 2282 1942 2336 Commayenes,

218 2348 376 2391 scilicet
415 2350 469 2391 ab
509 2350 601 2403 ipSo
639 2349 716 2391 hoc
744 2348 973 2399 Antiocho,
1016 2350 1085 2391 cui
1120 2363 1249 2404 reyno
1288 2349 1428 2392 cedere
1469 2349 1682 2393 debuerat.
1740 2351 1806 2405 Cf.
1838 2365 1945 2405 quae

219 2418 410 2471 exposuit
440 2417 677 2459 Mommsen
707 2418 793 2460 ath.
825 2417 972 2462 Mitth.
1003 2418 1037 2460 I
1050 2433 1099 2472 p.
1118 2421 1186 2460 34.

134 2485 218 2528 452
249 2485 536 2540 Mithridates,
567 2500 666 2528 eum
705 2492 827 2542 pater
868 2487 959 2527 eius
998 2501 1024 2527 a
1062 2500 1164 2541 rege
1195 2486 1506 2542 Commagenes
1537 2488 1788 2530 interfectus
1820 2495 1941 2542 esset,

221 2555 314 2610 ipse
343 2568 525 2610 regnum
557 2554 870 2609 Commagenes
898 2555 1066 2611 aceepit
1094 2555 1150 2598 ab
1177 2554 1388 2610 Augusto,
1421 2557 1619 2612 quamvis
1649 2572 1758 2613 puer
1786 2557 1942 2608 adhuc,

216 2638 253 2665 a.
277 2638 315 2666 u.
342 2638 379 2666 o.
410 2623 492 2665 734
521 2623 608 2665 Dio
630 2626 696 2673 54,
719 2627 759 2666 9.
803 2623 908 2666 Sine
935 2623 1063 2666 dubio
1093 2639 1143 2665 cx
1171 2624 1302 2678 stirpe
1330 2625 1450 2678 reyia
1477 2624 1814 2680 Commayenum,
1839 2641 1942 2680 pro-

222 2691 421 2734 babiliter
445 2695 624 2746 putatur
654 2691 770 2746 filius
799 2693 888 2734 eius
916 2693 992 2746 qui
1009 2692 1242 2746 praecedit.
1299 2692 1433 2735 Pater
1452 2693 1657 2736 Antiochi
1685 2694 1805 2748 (III)
1832 2696 1944 2749 rngis

217 2759 525 2814 Commayenes,
558 2760 748 2814 defuncti
777 2775 817 2803 a.
840 2776 888 2815 p.
916 2760 1017 2806 Chr.
1039 2765 1097 2803 17
1124 2762 1273 2816 (saffra
1302 2762 1343 2803 A
1374 2763 1486 2816 578),
1527 2763 1574 2804 in
1604 2763 1723 2804 cuius
1754 2767 1781 2805 t.
1813 2763 1943 2805 Athe-

218 2829 356 2871 niensi
381 2828 534 2871 C'IAtt.
556 2829 646 2871 III
659 2831 740 2872 554
759 2833 1030 2872 memoratur.
1061 2829 1131 2872 Ab
1152 2830 1228 2872 hoc
1247 2834 1295 2872 ut
1312 2831 1478 2873 videtur
1498 2831 1741 2874 Metridatis
1762 2845 1943 2886 regnum

220 2896 496 2951 Commayene
525 2897 744 2952 appellata
773 2899 818 2940 in
848 2899 933 2940 tab.
961 2898 1290 2954 Pmtinyemna,
1322 2900 1375 2954 cf.
1408 2900 1646 2942 Mommsen
1676 2900 1761 2944 ath.
1795 2900 1941 2942 Mitth.

220 2965 254 3007 I
267 2980 314 3019 p.
337 2968 404 3007 34.

135 3033 220 3075 453
250 3032 537 3087 Mithridates,
556 3048 635 3075 rex
650 3033 930 3077 Parthorum:
953 3050 1050 3077 cum
1072 3050 1120 3077 eo
1141 3036 1371 3078 amicitiam
1393 3036 1545 3078 fecisse
1561 3044 1711 3079 eontra
1728 3038 1942 3079 Romanos

222 3100 547 3144 insimulaverat
585 3102 803 3144 Herodem
843 3102 1093 3145 Alexander
1133 3103 1247 3146 filius
1289 3106 1401 3158 eius,
1445 3112 1492 3147 ut
1538 3120 1649 3147 unus
1694 3121 1750 3146 ex
1794 3106 1942 3147 amieis

220 3168 461 3212 Alexandri
489 3175 624 3212 tortus
653 3170 900 3213 adfirmavit
934 3171 1079 3228 paullo
1110 3179 1210 3214 ante
1241 3188 1278 3214 a.
1312 3173 1393 3215 747
1426 3173 1589 3227 Ioseph.
1617 3177 1701 3214 ant.
1730 3177 1794 3222 16,
1830 3176 1870 3222 8,
1901 3177 1940 3214 4.

221 3236 452 3279 Praeterea
491 3238 669 3291 iynotus.
733 3237 993 3281 Parthorum
1030 3254 1106 3282 rex
1144 3240 1218 3282 illo
1260 3244 1442 3294 tempore
1479 3244 1572 3283 erat
1612 3241 1839 3283 Phraates.
1898 3241 1941 3282 A

223 3305 516 3348 Gutschmidio
546 3303 718 3357 (Gesch.
749 3307 880 3349 Irans
902 3322 950 3361 p.
976 3308 1074 3361 116)
1103 3308 1300 3359 creditur,
1324 3309 1452 3363 pulso
1484 3308 1676 3351 Phraate
1697 3323 1780 3363 per
1810 3323 1942 3351 annos

147 3413 153 3417 .
224 3376 443 3417 742-745
474 3388 513 3416 α.
543 3388 584 3416 u.
617 3388 651 3416 c.
682 3388 855 3429 reynum
884 3375 1144 3418 Parthorum
1171 3377 1362 3419 tenuisse.
