2202 3724
227 301 369 337 levs
1088 291 1173 334 408
1364 349 1366 351 .
1843 297 2029 334 NONIVS

229 432 283 473 83
313 431 455 485 Nisus,
487 429 795 484 grammaticus
825 427 986 470 Donat.
1017 428 1088 469 vit.
1123 427 1274 481 Veryil.
1302 426 1436 479 (Suet.
1459 427 1521 470 ed.
1541 426 1674 479 Reiff.
1699 443 1746 482 p.
1768 426 1861 482 64),·
1891 426 2031 470 Velius

163 509 165 511 ’
313 500 483 552 Longyus
514 498 562 539 cle
593 496 774 550 orthoyr.
797 510 845 549 p.
871 499 934 545 76,
958 499 985 536 7
1014 495 1075 537 ecl.
1110 495 1212 537 Keil
1242 499 1281 537 et
1311 495 1419 538 alibi
1447 496 1518 550 (cf.
1556 496 1643 538 ind.
1675 495 1818 538 Keilii
1838 510 1886 550 p.
1908 498 2031 551 609)‚·
2055 523 2058 526 >

315 566 538 608 Charisius
566 564 636 607 lib.
667 563 702 606 Ι
715 578 764 617 p.
784 566 858 613 28,
881 567 906 605 9
939 562 1043 605 Keil
1053 576 1066 614 ,·
1094 562 1309 605 Priscian.
1342 562 1413 606 lib.
1444 563 1493 605 X
1510 578 1558 617 p.
1578 566 1674 614 503,
1704 567 1758 606 16
1787 563 1944 614 Hertz;
1974 564 2028 616 cf.

312 634 475 675 Arnob.
508 632 599 675 adv.
630 635 718 675 nat.
745 634 784 682 1,
805 633 871 674 59.
933 631 1107 673 Videtur
1135 631 1287 673 vixisse
1317 632 1434 673 circa
1467 631 1630 674 Tiberii
1657 635 1845 686 tempora
1873 632 1928 685 cf.
1959 631 2029 674 vit.

319 701 469 755 Veryil.
499 701 524 742 l.
557 714 590 742 c.
891 744 899 751 ,

228 771 283 812 84
313 777 356 811 L.
388 775 453 810 ΝΟ
474 802 483 811 .
502 802 511 810 .
531 802 539 810 .
559 801 569 811 .
611 769 722 810 inter
760 766 928 809 sodales
958 767 1220 822 Augustales
1251 774 1476 823 cooptatus
1517 774 1566 810 ut
1594 768 1768 811 videtur
1802 783 1840 813 a.
1874 768 1924 810 91
1961 768 2029 810 VI

311 840 421 880 1988
451 857 506 871 =
535 836 661 879 XIV
680 839 798 879 2392
838 836 940 890 (nisi
975 837 1085 890 forte
1122 837 1391 891 siqnificatur
1427 836 1536 879 alter
1575 837 1788 879 consulum
1825 837 1931 879 anni
1966 839 2032 885 94,

313 907 363 947 L.
398 905 565 947 Nonius
601 905 837 958 Torquatus
866 905 1098 959 Asprenas,
1133 905 1186 958 cf.
1218 905 1295 946 sub
1325 904 1432 959 hoc).

228 975 282 1016 85
313 974 482 1015 Noarus
513 973 688 1030 (Νόαρος
720 974 827 1023 bell„
861 973 1014 1030 Οὐᾶρος
1040 973 1143 1026 vit),
1187 987 1242 1014 ex
1279 986 1438 1027 genere
1468 973 1667 1015 Sohaemi
1707 974 1823 1028 regis
1853 972 2034 1029 (ἔγγονος

313 1042 469 1098 Σοέμου
510 1045 578 1084 τοῦ
617 1044 705 1098 περὶ
744 1043 809 1084 τὸν
839 1042 1010 1100 Λίβανον
1048 1045 1355 1098 τετραρχοῦντος
1386 1042 1458 1083 vit.
1489 1045 1562 1092 11,
1603 1042 1747 1098 Σοέμῳ
1786 1049 1845 1098 τῷ
1883 1042 2038 1098 βασιλεῖ

314 1111 527 1167 προσήκων
569 1110 671 1153 κατὰ
708 1110 824 1166 γένος
869 1110 962 1152 bell.
994 1113 1036 1159 2,
1068 1112 1134 1159 18,
1168 1111 1233 1163 6);
1274 1110 1313 1151 ei
1353 1110 1551 1166 Agrippa
1585 1111 1727 1152 minor
1765 1124 1803 1154 a.
1835 1110 1902 1164 66,
1936 1123 2035 1151 cum

311 1178 589 1220 Antiochiam
609 1178 665 1220 ad
687 1177 880 1221 Cestium
905 1177 1079 1222 Gallum
1099 1178 1455 1234 proficisceretur,
1480 1178 1893 1220 administrationem
1912 1177 2033 1232 regni

315 1247 380 1288 sui
413 1247 625 1288 commisit
654 1246 816 1301 Ioseph
849 1247 941 1291 bell.
973 1251 1016 1297 2,
1048 1249 1114 1297 18,
1146 1250 1184 1296 6,
1215 1247 1287 1289 vit.
1310 1250 1377 1289 11.
1437 1247 1650 1289 Facinora
1685 1247 1798 1301 eius3
1839 1245 2036 1302 Agrippa

314 1316 351 1355 ei
382 1329 675 1357 successorem
705 1316 836 1357 mittit
865 1315 959 1358 bell.
991 1315 1015 1359 l.
1049 1329 1097 1365 c.‚
1128 1316 1199 1359 vu.
1230 1318 1298 1357 11.
1326 1318 1393 1357 36.

228 1383 284 1424 86
314 1383 620 1437 Nomentanus,
651 1384 865 1439 parasitus
893 1383 1118 1425 Nasidieni
1140 1383 1352 1426 Horatius
1377 1387 1458 1425 sat.
1489 1387 1532 1434 2,
1563 1386 1604 1433 8,
1634 1386 1704 1426 23.
1735 1348 1805 1427 25.
1836 1386 1903 1425 60.
1953 1381 2035 1424 Di-

313 1464 455 1493 versus
485 1466 513 1493 a
545 1451 810 1493 Nomentano
841 1451 1055 1494 luxurioso
1083 1452 1139 1493 ib.
1171 1455 1209 1501 1,
1242 1455 1279 1501 1,
1311 1454 1409 1494 102.
1450 1454 1563 1501 2,3,
1595 1454 1687 1494 175.
1719 1455 1808 1494 224
1847 1454 1886 1493 et
1923 1450 2039 1505 apud

316 1519 518 1562 Senecam
548 1518 650 1561 dial.
673 1522 711 1570 7,
733 1523 796 1570 11,
819 1523 856 1562 4.
920 1519 966 1563 V.
997 1519 1048 1561 L.
1081 1519 1257 1562 Cassius
1287 1519 1594 1561 Nomentanus.

229 1613 285 1617 —
315 1587 533 1630 Tuscilius
563 1588 833 1630 Nominatus.

231 1657 284 1699 87
315 1657 518 1710 Nomius,
560 1656 627 1698 Ti.
659 1655 858 1698 Caesaris
890 1655 1094 1698 libertus:
1137 1657 1228 1698 eius
1268 1670 1416 1697 mensa
1454 1657 1609 1711 citrea,
1647 1655 1945 1711 magnitudine
1974 1655 2036 1695 in-

315 1726 449 1779 signis
471 1724 590 1767 Plin.
612 1724 653 1766 h.
673 1739 714 1766 n.
736 1728 800 1775 13,
824 1728 889 1767 93.
911 1728 976 1766 94.

231 1794 284 1835 88
318 1792 524 1835 *Nomius
555 1793 631 1847 (sic
660 1792 890 1835 Buecheler
921 1793 1022 1847 [pro
1054 1793 1195 1834 nomio
1226 1792 1413 1834 traditur
1447 1793 1610 1834 nomini
1641 1791 1764 1846 me0],
1797 1791 2036 1834 Numenius

317 1861 479 1917 vul90):
500 1863 537 1903 ei
563 1868 676 1903 ‘cum
691 1860 901 1903 velocitas
922 1861 1080 1917 pedum
1102 1876 1188 1902 non
1209 1860 1472 1903 concedatur
1492 1860 1567 1902 sed
1590 1860 1813 1915 obiciatur,
1834 1859 2037 1902 lentiores

316 1944 468 1971 manus
498 1936 614 1972 sunt'
640 1930 802 1973 Seneca
830 1933 962 1974 contr.
982 1933 1010 1972 3
1033 1944 1107 1984 pr.
1129 1933 1196 1972 10.
1253 1929 1457 1972 Fortasse
1487 1929 1659 1975 athleta.

231 2022 288 2028 --
316 2005 367 2042 Μ.
402 2004 664 2040 SERVILIVS
695 2003 963 2039 NONIANVS.

233 2135 286 2177 89
316 2135 483 2176 Nonius
515 2133 679 2186 (nornen
698 2135 915 2184 incertum,
939 2134 1121 2176 debitum
1142 2134 1325 2187 fortasse
1346 2134 1503 2188 primis
1527 2132 1782 2185 editoribus,·
1812 2134 1859 2175 in
1887 2133 2039 2176 codici-

320 2204 396 2245 bus
423 2205 496 2256 qui
525 2206 682 2252 eoetant,
713 2203 947 2244 recentibus
978 2203 1185 2252 omnibus,
1228 2205 1338 2244 totus
1367 2203 1481 2245 locus
1511 2202 1763 2257 corruptus),
1795 2217 1821 2243 a
1853 2201 2038 2245 Gemino

319 2273 454 2313 amico
488 2271 618 2313 Plinii
649 2277 826 2327 propter
855 2270 1157 2313 liberalitatem
1188 2270 1399 2326 laudatur,
1443 2286 1528 2313 non
1559 2272 1662 2313 item
1692 2285 1719 2312 a
1747 2269 1888 2312 Plinio
1919 2269 2039 2312 Plin.

320 2354 381 2393 ep.
412 2343 451 2390 9,
482 2343 550 2381 30.

235 2408 290 2450 90
320 2407 399 2461 Cn.
430 2408 610 2461 Nonius,
644 2421 775 2463 eques
805 2407 1038 2461 Romanus,
1061 2407 1176 2449 ferro
1207 2409 1425 2450 accinctus
1457 2409 1671 2464 reperitur
1700 2409 1746 2449 in
1776 2413 1901 2450 coetu
1930 2405 2040 2448 salu-

321 2477 502 2517 tantium
534 2475 764 2518 Claudium
795 2491 831 2517 a.
863 2476 916 2517 47
954 2476 1052 2517 Tac.
1085 2490 1124 2517 a.
1157 2479 1222 2526 11,
1248 2479 1323 2519 22.

237 2544 285 2585 91
323 2550 374 2584 Μ.
406 2549 590 2584 NONIVS
622 2549 803 2584 Aizmvs
835 2550 1104 2585 MVOIANVS.
1157 2544 1313 2586 Tituli:
1343 2544 1507 2587 V3342
1526 2545 1612 2598 ipsi
1631 2545 1799 2598 positus
1819 2544 1874 2586 ab
1897 2543 2042 2586 ordine

329 2611 554 2652 Veronensi
574 2610 656 2664 (1);
691 2611 856 2654 75092
887 2612 1053 2653 dicatus
1083 2612 1136 2653 ab
1167 2613 1259 2666 iyoso
1279 2611 1454 2654 Dianae
1483 2613 1529 2653 in
1558 2626 1661 2666 ayro
1681 2611 1935 2666 Beryomate
1955 2611 2043 2666 (2),-

327 2678 486 2721 74318
507 2678 621 2719 tituli
639 2682 879 2720 statuarum
899 2693 1003 2732 quas
1024 2679 1206 2722 Brioeiae
1222 2681 1369 2734 posuit
1393 2681 1492 2734 imp.
1521 2679 1743 2722 Commodo
1764 2679 1847 2734 (3);
1881 2680 2042 2722 74339

325 2747 470 2788 titulus
501 2747 638 2799 operis
668 2747 847 2788 alicuius
880 2748 933 2789 ab
966 2762 1012 2790 eo
1042 2747 1224 2790 Bri‘oeiae
1255 2748 1388 2790 dicati
1415 2747 1486 2803 (4).
1539 2748 1809 2790 Memoratur
1837 2750 1883 2790 in
1908 2749 2042 2791 titulis

324 2815 471 2856 uxoris
497 2814 657 2856 74355
680 2814 736 2868 (5)
768 2818 807 2856 et
834 2816 959 2857 unius
989 2831 1039 2858 ea·
1066 2817 1196 2858 servis
1223 2816 1384 2859 75005
1405 2816 1476 2871 (6),
1507 2817 1605 2858 item
1633 2816 1680 2858 in
1712 2817 1818 2858 actis
1848 2816 2043 2860 ludorum

323 2882 604 2925 saecularium
655 2884 759 2924 anni
796 2887 891 2926 204.
957 2884 1017 2927 Μ.
1057 2885 1223 2927 Nonius
1263 2885 1419 2927 Arrius
1464 2885 1688 2926 Mucianus
1728 2888 1756 2927 t.
1791 2888 1830 2928 1.
1867 2888 1911 2927 2.
1943 2887 1983 2927 3.
2017 2887 2044 2928 5

329 2952 443 3006 (item
464 2964 602 3004 paene
624 2950 749 3003 plene
770 2954 797 2991 t.
820 2954 870 3000 6),
902 2984 909 2992 .
928 2984 936 2992 .
954 2953 1043 2993 rius
1066 2952 1325 3007 Mu[cianus]
1348 2956 1375 2996 t.
1392 2956 1430 3003 4,
1453 2953 1620 2994 Nonius
1641 2952 1795 2995 Arrius
1815 2953 2043 2995 Mucianus

329 3021 425 3060 acta
446 3031 551 3061 saec.
575 3019 681 3059 anni
698 3022 782 3061 204
804 3018 847 3061 7.
869 3022 906 3068 9,
930 3019 1095 3061 Nonius
1117 3021 1345 3062 Mucianus
1366 3009 1430 3064 ib.
1444 3021 1506 3063 II
1517 3024 1575 3064 12
1600 3019 1672 3074 (cf.
1694 3024 1923 3075 praeterea
1951 3020 2042 3075 eph.

332 3101 393 3141 ep.
423 3089 451 3128 8
471 3101 518 3140 p.
541 3088 662 3137 293),·
702 3087 744 3127 in
777 3087 996 3128 consulatu
1027 3088 1099 3142 [M.
1131 3089 1296 3130 Nonius
1327 3088 1498 3143 Ar]rius
1528 3089 1757 3132 Mucianus
1788 3089 1856 3132 VI
1876 3087 2042 3139 1982l3‚

328 3154 387 3196 M.
419 3154 585 3196 Nonius
614 3153 841 3195 Mucianus
873 3154 939 3195 VI
961 3158 1082 3197 1603.
1113 3160 1243 3207 2129,
1265 3157 1512 3211 plerumque
1541 3157 1783 3199 Mucianus.
1844 3156 1912 3211 Of.
1933 3156 2046 3199 Bor-

326 3221 445 3275 9hesi
472 3235 565 3275 opp.
587 3225 613 3263 6
634 3236 681 3275 p.
702 3224 760 3263 62
780 3234 861 3274 seq.

415 3289 474 3331 M.
507 3288 534 3332 f.
567 3292 594 3332 t.
626 3292 664 3331 1.
711 3289 857 3331 Iudice
886 3289 1118 3343 Boryhesio
1148 3292 1262 3346 filius
1294 3293 1359 3335 M.
1392 3293 1529 3335 Nonii
1558 3293 1765 3343 Macrini,
1796 3292 1978 3336 consulis
2006 3296 2047 3336 et

331 3357 650 3411 quindecimviri
677 3357 813 3398 sacris
841 3357 1067 3410 faciundi&
1099 3362 1138 3400 et
1174 3361 1361 3415 coniuyis
1391 3362 1480 3403 eius
1507 3361 1670 3404 Arriae
1697 3361 1834 3417 (infr-a
1858 3375 1901 3404 n.
1930 3361 2042 3415 108),
