2190 3724
277 285 463 321 FLAVIA
1157 277 1213 319 84
1727 282 2082 320 FLORENTINVS

273 416 353 459 291
387 421 573 456 FLAVIA
603 419 809 454 TITIANA
846 412 987 455 Flavii
1020 411 1259 468 Sulpiciani
1298 411 1405 466 filia,
1447 412 1688 454 Pertinacis
1719 428 1841 467 uxor,
1874 428 1901 455 a
1929 418 2082 456 senatu

359 483 560 536 Augusta
589 480 815 537 appellata,
849 480 893 522 id
919 479 1035 536 quod
1064 480 1246 522 maritus
1275 494 1363 521 non
1394 481 1557 536 recepit
1576 479 1664 522 Dio
1687 483 1751 531 73,
1772 484 1800 522 3
1830 479 1919 535 (qui
1937 495 2086 524 nomen

364 551 558 593 Titianae
577 564 661 598 non
682 547 847 603 panim
875 549 946 592 vit.
970 548 1084 591 Pert.
1105 550 1144 598 5,
1166 552 1205 592 4.
1237 551 1274 598 6,
1296 552 1336 591 9.
1368 551 1434 598 13,
1457 551 1494 590 7.
1531 547 1731 602 Augusta
1751 548 1898 591 titulus
1919 549 2085 592 Medio-

357 619 528 661 matrici
545 632 630 671 ray).
662 617 789 660 Orell.
811 619 905 666 895,
930 617 1027 658 item
1055 617 1217 658 nummi
1235 616 1407 670 quidam
1436 615 1596 659 Graeci
1615 631 1682 671 ap.
1703 616 1864 659 Eckkel
1885 620 1969 672 711.
1990 620 2083 668 147,

366 686 532 729 (ΙοῙιεη2
553 689 581 727 3
599 700 647 739 p.
667 688 753 727 397
781 685 848 741 (ea)
868 687 998 739 parte
1027 684 1123 726 lieet
1146 685 1337 738 suspecti,
1370 686 1423 738 cf.
1450 684 1588 727 Sallet
1617 685 1724 728 alex.
1748 685 2086 729 Kaiserma‘nzen

361 770 408 809 p.
430 757 506 804 43,·
535 753 876 796 Alexandrinam
916 755 1055 795 tuetur
1086 752 1214 795 Stilve
1239 752 1443 796 Zeitsehr.
1464 754 1496 806 f.
1527 752 1657 795 Num.
1683 756 1748 803 13,
1769 755 1877 796 1885
1897 768 1946 807 p.
1962 754 2086 808 245);

357 822 517 865 seilicet
555 822 601 863 in
630 821 867 875 provinciis
911 820 1159 863 modestiam
1203 821 1472 875 imperatoris
1514 821 1578 863 vel
1620 822 1855 863 nescierant
1897 821 1960 864 vel
2000 837 2087 865 non

360 893 577 933 curarant.
608 912 660 918 -—
691 890 760 931 De
790 888 985 931 moribus
1016 889 1108 930 eius
1138 889 1209 931 vit.
1241 889 1357 933 Pert.
1378 891 1443 939 13,
1466 891 1506 933 8.

275 972 358 1013 292
388 976 574 1011 FLAVIA
616 975 870 1022 VENVSTA,
917 969 967 1011 T.
999 968 1041 1022 f.,
1084 969 1287 1011 Tuscenii
1328 967 1511 1011 alicuius
1551 967 1739 1011 consulis
1783 968 1852 1011 vel
1896 968 2084 1011 consulis

355 1037 454 1092 filii,
485 1037 666 1079 fortasse
693 1037 744 1081 L,
772 1037 957 1091 Ragonii
985 1036 1191 1078 Tuscenii
1223 1036 1469 1091 Quintiani,
1511 1042 1587 1079 aut
1616 1038 1809 1079 coniunx
1838 1043 1914 1080 aut
1942 1037 2085 1080 affinis

361 1105 429 1148 VI
450 1108 570 1149 1506.
2091 1105 2099 1113 “

274 1186 358 1227 293
388 1183 649 1241 [F]L(AVIA)
666 1190 907 1225 VITELLIA
929 1182 1286 1239 SEL[E]VCIANA
1302 1183 1540 1226 clarissima
1556 1184 1715 1226 femina
1731 1185 1853 1227 tubas
1864 1185 2087 1239 plumbeus

361 1253 539 1296 Viterbii
576 1267 663 1307 rep.
693 1252 774 1294 XI
794 1255 903 1294 3016
938 1252 1144 1307 (traditur
1172 1252 1211 1294 L
1242 1267 1327 1306 pro
1357 1253 1446 1307 FL,
1491 1252 1639 1295 deinde
1675 1252 2086 1307 SELFVGIANA).

359 1321 483 1364 Filia
511 1321 693 1375 fortasse
725 1320 792 1365 M.
822 1320 978 1363 Flavii
1008 1320 1165 1363 Vitellii
1195 1320 1361 1364 Seleuci
1391 1321 1463 1377 (F.
1493 1320 1609 1375 269).

288 1459 347 1468 —-—
390 1441 649 1477 TERENTIA
679 1440 927 1478 FLAVOLA.

275 1505 360 1548 294
389 1510 644 1545 FLAVONIA
684 1508 985 1557 MENODORA,
1029 1502 1077 1546 C.
1114 1503 1244 1545 Novii
1282 1503 1422 1545 Prisci
1461 1502 1648 1545 consulis
1688 1518 1821 1558 uxor,
1867 1501 1917 1546 C.
1956 1503 2086 1548 Novii

360 1573 528 1615 Rustici
566 1570 769 1614 Venuleii
810 1570 1052 1628 Aproniani
1091 1578 1228 1614 mater
1268 1571 1384 1613 tituli
1411 1570 1666 1614 Antiochiae
1697 1571 1895 1614 Pisidiae
1923 1571 2013 1614 III
2024 1567 2082 1616 S.
2107 1628 2111 1631 ἱ

361 1643 480 1684 6815.
512 1643 630 1684 6816.

275 1710 359 1754 295
389 1709 574 1763 Flavus,
608 1707 873 1762 Cheruscus,
911 1707 1043 1750 frater
1069 1706 1277 1762 Arminii,
1320 1707 1533 1764 stipendia
1573 1707 1675 1750 facit
1714 1708 1830 1764 apud
1858 1707 2086 1765 Romanos,

361 1776 620 1819 militaribus
651 1776 776 1818 donis
806 1775 991 1818 donatus
1026 1777 1124 1820 Tae.
1152 1791 1250 1821 arm.
1271 1780 1314 1827 2,
1336 1780 1375 1820 9.
1398 1779 1462 1820 10.
1519 1776 1572 1819 A.
1597 1777 1650 1819 16
1679 1777 1722 1818 in
1753 1777 1948 1819 exercitu
1978 1778 2087 1822 Ger·
2155 1824 2157 1827 Α

361 1845 519 1888 manici
550 1860 648 1887 cum
676 1844 809 1887 fratre
840 1844 1114 1900 conloquitur
1144 1845 1199 1887 ib.
1259 1843 1396 1886 Filius
1427 1845 1518 1886 eius
1549 1844 1726 1887 Italicus
1758 1846 1812 1889 ib.
1836 1848 1902 1895 11,
1933 1848 1998 1889 16.
2019 1849 2085 1890 17.

278 1914 362 1956 296
392 1913 579 1967 Flavus,
622 1927 733 1955 unus
775 1928 830 1955 ex
871 1912 1054 1955 ducibus
1096 1912 1323 1957 Gallorum
1363 1927 1441 1969 pro
1473 1912 1660 1956 Vindice
1695 1912 1949 1956 bellantium
1989 1913 2086 1956 Tae.

363 1982 459 2026 hist.
481 1986 524 2026 2.
547 1985 612 2025 94.

278 2050 360 2093 297
392 2049 574 2104 Flavus,
605 2049 767 2092 amicus
798 2048 1031 2104 Martialis,
1065 2050 1108 2090 in
1139 2049 1395 2106 Hispaniam
1425 2049 1712 2104 proficiscitur
1740 2064 1779 2094 a.
1801 2049 1855 2091 98
1886 2048 2089 2094 Martial.

363 2122 429 2169 10,
461 2121 554 2162 104.

292 2212 349 2217 --
393 2185 533 2229 Alfius
563 2185 739 2228 Flavus.
1299 2238 1302 2241 Ι

292 2280 350 2286 —-
391 2262 444 2299 M.
475 2260 686 2296 CAELIVS
718 2260 911 2296 FLAVVS
942 2260 1211 2298 PROCVLVS.

294 2348 351 2354 —
397 2323 575 2378 Sergius
604 2321 780 2364 Flavus.

294 2416 353 2422 —
395 2390 580 2434 Subrius
609 2389 785 2435 Flavus.

294 2484 352 2490 -—
397 2458 615 2515 Sulpicius
644 2458 822 2501 Flavus.

293 2552 351 2559 —
393 2527 627 2582 Verginius
657 2526 833 2571 Flavus.

281 2596 364 2639 298
395 2595 536 2650 Flora,
568 2597 774 2637 meretrix
804 2595 875 2637 vel
906 2601 1020 2638 certe
1050 2595 1207 2638 mulier
1237 2594 1457 2651 impudica
1484 2595 1673 2639 Juvenal.
1694 2599 1738 2646 2,
1758 2599 1825 2639 49.

298 2688 349 2693 -
396 2663 449 2716 Q.
483 2664 717 2719 Septimius
746 2663 926 2706 Florens
958 2663 1264 2706 Tertullianus.

283 2731 369 2773 299.
397 2730 682 2786 Florentinus‚
716 2738 866 2774 auctor
896 2733 1014 2782 iuris,
1045 2731 1221 2788 Ulpiani
1255 2738 1297 2774 et
1321 2731 1445 2775 Pauli
1478 2737 1526 2774 ut
1553 2731 1727 2774 videtur
1756 2730 1970 2788 aequalist,
2001 2732 2093 2774 eius

368 2800 656 2842 institutiones
672 2800 891 2843 adhibitae
906 2802 950 2843 in
966 2800 1171 2855 Digestis,
1200 2799 1268 2854 Cf.
1281 2800 1475 2843 Hommel
1485 2799 1786 2854 palinyenesia
1801 2800 1834 2842 I
1838 2814 1886 2854 11·
1899 2802 1980 2843 175
1989 2813 2092 2854 seq.‚·

369 2868 498 2911 Lenel
518 2868 815 2923 palinyenesia
843 2869 877 2910 I
889 2883 938 2922 10.
959 2872 1045 2912 172
1063 2882 1144 2923 seq.

284 2937 367 2979 300
400 2942 615 2980 ...1N1vs
648 2943 834 2979 SEXTVS
865 2942 1231 2991 FLORENTINVS,
1263 2937 1314 2979 L.
1337 2936 1379 2991 f.,
1410 2936 1515 2990 Pal„
1548 2936 1750 2977 triumvir
1778 2950 1884 2978 auro
1914 2942 2093 2991 argento

371 3004 506 3059 (aere)
535 3003 678 3046 flando
709 3004 959 3059 (feriundo),
993 3005 1192 3047 tribunus
1223 3004 1404 3046 militum
1434 3003 1615 3058 legionis
1646 3004 1811 3060 primae
1839 3004 2092 3059 Minerviae,

372 3078 575 3128 quaestor
594 3073 842 3128 provinciae
862 3072 1066 3127 Achaiae,
1090 3072 1288 3115 tribunus
1308 3071 1446 3127 plebis
1473 3072 1724 3126 (praeturae
1753 3072 1906 3114 mentio
1937 3072 2094 3115 deside-
2158 3097 2166 3110 ·

371 3139 524 3194 ratur),
557 3139 724 3195 legatus
754 3140 936 3196 legionis
966 3155 1104 3183 nonae
1134 3141 1369 3197 Hispanae,
1401 3138 1630 3195 proconsul
1659 3140 1907 3196 provinciae
1926 3140 2094 3184 Narbo-

373 3209 518 3250 nensis
539 3208 686 3263 (leetio
705 3223 790 3251 non
811 3209 953 3264 certa),
986 3209 1151 3264 legatus
1172 3223 1250 3265 pro
1272 3223 1336 3265 pr.
1358 3208 1607 3264 provinciae
1628 3207 1850 3262 (Arabiae)
1872 3209 1934 3263 (in
1954 3208 2095 3263 lapide

370 3290 454 3318 non
492 3276 655 3318 videtur
691 3277 821 3330 fuisse
856 3277 1051 3320 Arabiae
1089 3276 1351 3332 vocabulum)
1382 3276 1475 3318 III
1496 3278 1554 3317 87
1579 3290 1624 3329 p.
1647 3278 1729 3318 968
1768 3275 1913 3318 titulus
1940 3275 2095 3320 Petrae

376 3346 439 3386 ter
469 3344 718 3399 descriptas,
759 3358 832 3387 nee
867 3348 1006 3388 tamen
1044 3346 1108 3388 ita
1143 3348 1191 3387 at
1225 3344 1274 3387 de
1306 3344 1478 3388 lectione
1506 3357 1667 3399 semper
1695 3346 1862 3388 constet.
1924 3343 2097 3389 Videtur
