2202 3724
186 296 356 331 IVNIVS
1043 286 1128 328 244
1813 292 1981 328 IVNIVS

186 426 265 467 541
300 431 340 468 o,
371 431 446 465 ΑΡ.
478 428 645 464 IVNIVS
687 428 908 463 SILANVS.
968 422 1084 467 Γάϊος
1109 419 1279 467 ’Άππιος
1315 422 1479 467 Σιλανός
1518 421 1606 463 Dio
1635 425 1702 471 60,
1733 425 1786 464 14
1816 422 1987 477 (duplex

267 505 526 546 praenomen
562 491 784 543 confirmat
813 490 987 531 libertus
1016 490 1106 531 sine
1136 489 1262 531 (lubio
1294 490 1381 531 eius
1403 489 1450 532 C.
1472 490 1622 531 Iunius
1643 489 1726 546 Ap.
1750 490 1798 532 C.
1823 490 1849 534 l.
1874 490 1985 533 Seno

272 561 339 602 VI
351 562 489 603 27454
520 559 573 611 cf.
600 558 834 599 Mommsen
864 557 953 611 eph.
979 572 1040 610 ep.
1063 560 1088 597 1
1109 571 1157 610 p.
1178 559 1232 599 59
1257 561 1342 600 not.
1364 557 1419 611 1),
1451 557 1620 613 Appius
1640 558 1791 599 Iunius
1814 558 1987 601 Silanus

272 631 351 669 act.
383 626 485 667 Aru.
519 625 790 678 plerumque,
830 624 1000 680 Appius
1032 623 1204 666 Silanus
1235 628 1316 666 act.
1347 625 1451 669 Arv.
1490 626 1613 667 semel
1654 625 1722 668 VI
1744 629 1862 669 2028
1874 626 1912 677 d,
1946 629 1986 676 8,

271 695 431 738 Seneca
459 707 577 747 apoc.
608 696 673 742 11,
711 693 808 736 Tac.
838 707 877 734 a.
909 695 946 742 6,
975 696 1013 742 9,
1044 691 1129 747 Ap.
1161 691 1331 734 Silanus
1358 693 1472 735 Suet.
1502 693 1564 735 Ol.
1589 697 1659 743 29,
1684 697 1739 735 37
1769 693 1989 750 (Appiana

272 762 422 804 caedes
458 761 555 818 Tac.
579 775 619 802 a.
645 764 711 810 11,
733 759 821 813 29).
869 761 925 802 In
957 760 1175 802 consulatu
1199 759 1367 816 Appius
1398 762 1548 803 Iunius
1580 761 1752 803 Silanus
1784 762 1989 816 amphora

271 830 510 872 Puteolana
539 829 707 871 Nomio
741 831 855 871 1892
886 843 933 882 p.
965 832 1057 879 479,
1089 828 1173 885 Ap.
1210 830 1360 871 Iunius
1402 829 1573 872 Silanus
1602 830 1650 872 X
1677 833 1797 880 1196,
1839 831 1988 872 Iunius

273 898 444 942 Silanus
480 898 578 939 Tac.
602 911 639 940 a.
661 900 700 947 4,
723 899 789 947 68,
820 895 989 952 Appius
1019 898 1169 939 Iunius
1201 897 1320 939 Plin.
1342 898 1383 940 h.
1409 912 1449 941 n.
1471 901 1511 948 8,
1535 900 1613 940 145
1644 896 1796 950 (Solin.
1818 901 1882 948 15,
1904 898 1988 952 10),

273 1001 282 1009 .
303 1000 311 1009 .
330 1000 339 1009 .
364 967 514 1008 Iunius
537 964 566 1008 S
584 997 734 1007 ......
755 966 856 1018 fast.
878 979 988 1019 may.
1005 964 1123 1016 Ara,
1143 965 1227 1021 Ap.
1251 965 1423 1008 Silanus
1442 965 1656 1017 Cassiod.;
1678 965 1784 1008 alibi
1804 965 1988 1010 Silanus,

356 1033 522 1076 Filium
549 1032 594 1077 C.
617 1033 763 1076 Silani
787 1033 969 1075 consulis
991 1047 1030 1074 a.
1054 1048 1101 1087 p.
1131 1033 1229 1078 Chr.
1252 1038 1317 1084 10,
1349 1034 1677 1088 repetundarum
1697 1037 1736 1076 et
1755 1035 1991 1076 maiestatis

273 1102 467 1145 damnati
487 1116 526 1145 a.
544 1104 606 1144 22
632 1100 770 1155 (infra
790 1115 831 1143 n.
847 1103 956 1157 545),
981 1102 1156 1144 coniecit
1174 1101 1433 1156 Borqhesius
1454 1116 1546 1156 opp.
1561 1104 1588 1145 5
1598 1117 1646 1156 p.
1663 1104 1748 1144 187
1758 1105 1991 1156 propterea

273 1170 383 1225 quod
408 1169 454 1213 O.
487 1169 633 1213 Silani
660 1171 836 1211 matrem
863 1169 1081 1211 Manliam
1113 1170 1256 1223 fuisse,
1287 1169 1413 1212 huius
1446 1173 1584 1226 autem
1613 1170 1726 1224 filios
1762 1170 1992 1223 Torquatos

275 1240 406 1283 dictos
435 1252 520 1281 esse
550 1238 742 1292 putavit,
774 1251 950 1291 quorum
985 1241 1179 1280 neutrum
1206 1252 1348 1280 verum
1388 1242 1458 1280 est.
1520 1238 1687 1280 Mirum
1721 1241 1859 1280 autem
1890 1240 1994 1279 essct

275 1307 586 1350 damnationem
606 1306 753 1361 patris
781 1305 871 1360 filio
900 1320 985 1348 non
1012 1307 1201 1348 nocuisse
1210 1320 1224 1358 ,·
1252 1306 1300 1348 iol
1326 1307 1462 1361 ipsum
1487 1307 1651 1357 mirum,
1683 1306 1819 1362 filium
1842 1305 1993 1348 duode-

273 1376 425 1430 viyinti
465 1375 590 1417 annis
622 1377 725 1428 post
759 1376 931 1428 patrem
974 1374 1194 1416 consulatu
1233 1378 1440 1417 ornatum.
1507 1375 1755 1417 Maternum
1788 1387 1919 1429 yenus
1955 1374 1995 1415 ei

275 1444 405 1497 fuisse
435 1457 485 1485 ex
514 1443 644 1496 stirpe
664 1442 860 1496 patricia
886 1442 1169 1484 Claudiorum
1197 1441 1335 1497 Appii
1353 1457 1615 1496 praenomen
1646 1442 1820 1485 indicat.
1887 1441 1994 1484 Cum

276 1515 414 1554 autem
429 1511 495 1553 M.
509 1511 655 1554 Silani
672 1510 717 1553 O.
729 1510 762 1564 f.
781 1510 961 1552 consulis
978 1525 1017 1552 a.
1029 1513 1082 1553 15
1097 1509 1235 1564 (infra
1249 1525 1290 1553 n.
1302 1513 1399 1566 551)
1418 1511 1513 1565 filia
1527 1511 1642 1553 elicta
1658 1501 1789 1565 fuerit
1805 1509 1996 1552 Claudia

273 1579 337 1621 vel
364 1578 598 1629 Claudilla,
625 1579 807 1632 fortasse
829 1578 954 1621 huius
975 1579 1040 1621 M.
1062 1579 1208 1622 Silani
1235 1580 1414 1633 fratrem
1443 1580 1574 1633 fuisse
1594 1580 1784 1634 Appium
1810 1578 1994 1621 conicere

277 1647 383 1690 licet.
407 1671 460 1677 ——
483 1646 645 1690 Consul
676 1647 766 1690 ord.
797 1662 835 1690 a.
858 1647 912 1689 28
943 1662 1040 1690 cum
1062 1647 1110 1689 P.
1134 1646 1239 1690 Silio
1261 1647 1407 1689 Nerva
1436 1649 1552 1701 fasti.
1602 1647 1839 1690 Maiestatis
1869 1660 1992 1687 accu-

276 1722 393 1758 satus
432 1731 470 1758 a.
502 1716 577 1770 32,
620 1714 695 1757 scd
735 1730 758 1756 e
798 1716 882 1756 reis
919 1721 1143 1771 exemptus
1183 1715 1423 1757 testimonio
1459 1714 1572 1758 Celsi
1608 1715 1772 1757 tribuni
1807 1713 1993 1756 cohortis

276 1783 467 1827 urbanae
503 1783 600 1826 Tac.
633 1798 673 1826 a.
706 1787 742 1834 6,
774 1787 813 1826 9.
871 1784 1025 1825 Frater
1057 1783 1254 1838 Arvalis‚
1297 1783 1419 1826 adest
1454 1785 1498 1825 in
1529 1783 1708 1838 collegio
1750 1798 1788 1825 a.
1819 1783 1888 1825 38.
1924 1781 1992 1832 39,

276 1851 432 1894 flamen
471 1867 509 1894 a.
545 1852 619 1906 38,
662 1852 868 1905 magister
902 1866 938 1893 a.
971 1851 1026 1894 39
1064 1842 1148 1894 act.
1178 1851 1283 1896 Arv.
1343 1851 1534 1907 Legatus
1571 1852 1809 1908 Hispaniae
1839 1851 1994 1893 Tarra-

278 1920 475 1962 conensis
496 1921 677 1962 Romam
707 1920 939 1961 arcessitur
969 1934 994 1961 a
1017 1918 1197 1962 Claudio
1229 1926 1271 1962 et
1299 1921 1480 1962 maritus
1511 1920 1638 1962 datur
1664 1920 1791 1962 matri
1819 1917 1995 1960 Messal-

277 1988 390 2030 linae
419 1987 508 2030 Dio
537 1991 601 2042 60,
632 1991 697 2030 14.
756 1987 860 2030 Ideo
895 2002 1017 2029 socer
1047 1985 1217 2031 Claudii
1253 1988 1392 2031 dictus
1424 1988 1585 2031 Seneca
1614 2002 1731 2042 apoc.
1757 1990 1823 2029 11.
1883 1985 1994 2029 Con-

278 2071 400 2099 socer
439 2055 610 2099 Claudii
651 2055 768 2099 Suet.
801 2055 870 2098 Ol.
902 2059 960 2099 29
1001 2056 1127 2111 (unde
1164 2059 1204 2099 et
1233 2057 1288 2099 ab
1319 2057 1426 2099 aliis·
1449 2060 1488 2099 et
1518 2071 1545 2099 a
1573 2056 1806 2111 Boryhesio
1846 2069 1939 2110 opp.
1968 2057 1996 2097 5

280 2140 327 2179 p.
358 2127 442 2167 187
478 2123 659 2166 creditus
697 2127 757 2166 est
787 2127 917 2178 pater
956 2125 1007 2166 L.
1048 2124 1194 2167 Silani
1238 2125 1443 2179 Torquati
1479 2125 1601 2179 infra
1638 2138 1680 2166 n.
1709 2127 1791 2167 559
1830 2127 1870 2166 et
1909 2123 1996 2165 eius

279 2195 489 2248 fratrum;
516 2192 590 2234 secl
615 2196 725 2234 recte
755 2193 1043 2235 Mommsenus
1063 2193 1152 2247 eph.
1175 2207 1237 2247 ep.
1259 2197 1285 2235 1
1297 2208 1344 2248 p.
1361 2196 1415 2236 59
1435 2193 1598 2236 videtur
1617 2193 1825 2242 statuisse,
1847 2191 1996 2234 horum

281 2265 453 2317 patrem
481 2261 612 2314 fuisse
639 2261 704 2302 M.
728 2261 926 2304 Silanum
954 2262 1077 2315 infra
1095 2275 1137 2303 n.
1157 2264 1254 2312 552,
1287 2265 1326 2304 et
1356 2276 1497 2304 errore
1516 2261 1707 2316 Appium
1738 2275 1766 2302 a
1796 2259 1997 2303 Suetonio

280 2343 543 2372 consocerum
580 2328 760 2371 Claudii
798 2329 884 2371 elici
911 2343 997 2383 pro
1035 2329 1208 2384 socero).
1277 2329 1604 2386 Conspiratione
1643 2327 1918 2371 Messallinae
1955 2332 1998 2369 et

280 2398 471 2439 Narcissi
510 2398 631 2439 iussu
672 2396 844 2440 Claudii
881 2398 1047 2440 occisus
1088 2412 1126 2440 a.
1157 2399 1212 2440 42
1250 2397 1338 2440 Dio
1368 2401 1434 2448 60,
1465 2401 1542 2449 14,·
1577 2397 1693 2441 Suet.
1722 2396 1789 2440 Ol.
1819 2398 1890 2439 29.
1920 2398 1977 2438 37
1983 2408 1997 2446 ,·

281 2466 442 2509 Seneca
477 2479 593 2519 apoc.
621 2468 699 2516 11,·
739 2465 793 2519 cf.
830 2465 927 2507 Tac.
958 2480 997 2508 a.
1029 2469 1104 2516 11,
1137 2469 1207 2509 29.
1251 2490 1302 2496 —-
1349 2465 1492 2508 Huius
1530 2466 1620 2508 sine
1659 2465 1786 2507 dubio
1826 2464 1999 2506 libertus

282 2534 329 2578 C.
361 2534 511 2575 Iunius
541 2533 624 2589 Ap.
659 2533 705 2576 C.
737 2532 764 2575 1.
798 2533 910 2575 Seno
942 2533 1010 2576 VI
1030 2536 1181 2577 27454.
1245 2533 1483 2576 Praeterea
1521 2533 1637 2590 Appi
1679 2532 1815 2576 Silani
1855 2531 1999 2574 liberti

282 2608 324 2644 et
350 2603 466 2644 servi
498 2601 566 2644 VI
579 2604 698 2644 7603.
732 2604 850 2644 7606.
884 2605 1003 2644 7607.
1037 2605 1154 2644 7613.
1189 2605 1314 2653 7635,
1345 2601 1461 2658 Appi
1482 2601 1627 2644 liberti
1650 2601 1718 2644 VI
1732 2603 1849 2645 7605.
1872 2603 2001 2651 7611;

280 2670 355 2713 sed
387 2684 479 2712 cum
513 2670 586 2723 qui
617 2683 726 2711 unus
760 2684 810 2712 ex
845 2669 912 2712 his
937 2684 1199 2724 praenomen
1226 2671 1338 2725 yerit
1366 2670 1534 2712 dicatur
1562 2669 1620 2714 M.
1648 2670 1797 2712 Iunius
1824 2668 1942 2724 Appi
1971 2667 1999 2709 l.

285 2738 354 2781 VI
366 2741 483 2788 7611,
516 2737 804 2780 Mommsenus
831 2736 877 2780 G.
909 2737 978 2780 VI
990 2753 1038 2792 p.
1060 2741 1169 2781 1066
1197 2752 1264 2781 eos
1291 2752 1377 2781 non
1405 2738 1529 2780 huius
1554 2737 1692 2792 Appii
1711 2740 1842 2791 putat
1870 2736 2000 2790 fuisse

282 2806 474 2856 libertos,
515 2806 589 2848 sed
622 2805 707 2860 filii
745 2806 832 2848 eius
870 2807 1035 2849 nomine
1068 2807 1127 2849 M.
1160 2806 1292 2863 Appii
1332 2806 1468 2850 Silani
1505 2809 1729 2861 praeterea
1765 2805 1912 2859 iynoti.
1943 2828 2001 2834 —-

284 2873 384 2917 Non
408 2874 488 2916 huc
509 2875 698 2928 pertinet
725 2873 839 2930 App.
870 2875 947 2916 Ι..
966 2908 975 2917 .
995 2907 1004 2917 .
1034 2874 1160 2917 XIV
1178 2877 1300 2918 3689.

198 2943 280 2985 542
311 2943 382 2997 (Μ.
413 2949 489 2984 ΑΡ.
522 2948 690 2984 IVNIVS
728 2943 980 2997 SILANVS):
1022 2943 1102 2985 tali
1138 2944 1306 2986 nomine
1340 2946 1570 2997 patronum
1607 2941 1772 2984 videtur
1805 2940 2002 2983 habuisse

284 3011 343 3053 M.
374 3011 528 3053 Iunius
558 3009 675 3066 Appi
716 3009 741 3051 l.
785 3009 1058 3066 Syntrophus
1097 3011 1323 3066 med[ic]us
1364 3015 1391 3055 t.
1431 3013 1619 3065 repertus
1656 3011 1703 3052 in
1740 3010 2001 3051 monumento

284 3079 477 3133 familiae
518 3078 766 3121 Silanorum
805 3078 874 3120 VI
896 3082 1014 3121 7611.
1076 3080 1338 3122 Mommseno
1375 3078 1487 3123 CIL.
1530 3078 1599 3121 VI
1617 3093 1665 3133 p.
1697 3081 1803 3120 1066
1839 3076 2004 3118 videtur

283 3147 398 3202 silius
427 3147 558 3200 fuisse
585 3145 631 3189 C.
659 3145 744 3200 Ap.
772 3146 894 3188 Iunii
923 3147 1068 3190 Silani
1097 3148 1202 3202 (eius
1231 3148 1304 3201 qui
1323 3146 1575 3201 praecedit).

200 3216 283 3258 543
315 3221 357 3258 C.
388 3220 556 3257 IVNIVS
590 3220 797 3256 SILANVS
829 3213 878 3256 C.
910 3214 939 3256 f.
971 3215 1043 3268 (IL
1075 3214 1225 3262 Οὐίνιος
1256 3215 1299 3258 Γ.
1331 3217 1380 3258 υἱ.
1412 3215 1578 3262 Σιλανός
1607 3213 1694 3256 Dio
1724 3212 1812 3255 ind.
1843 3211 1915 3254 lib.
1935 3213 2001 3261 54,

287 3282 336 3326 C.
367 3284 421 3326 Iu
438 3316 448 3325 .
467 3315 476 3325 .
496 3316 506 3325 .
525 3315 534 3324 .
565 3283 673 3336 fasti
698 3281 922 3332 Gelotiani,
956 3283 1063 3325 alibi
1084 3283 1131 3326 C.
1155 3283 1327 3325 Silanus
1356 3271 1419 3325 vel
1443 3282 1640 3336 Silanus3
1673 3280 1874 3324 Silvanus
1899 3279 2005 3333 fasti

286 3351 465 3407 Hydat.)
496 3350 645 3394 consul
676 3350 765 3393 ord.
803 3366 840 3393 a.
874 3351 954 3393 737
986 3365 1084 3393 cum
1114 3350 1162 3394 C.
1191 3351 1354 3393 Furnio
1384 3351 1502 3404 fasti.
1562 3349 1806 3406 (Diversum
1835 3360 1920 3391 esse
1949 3347 2003 3389 ab
