2190 3724
134 284 346 320 FLAVIVS
1013 279 1067 321 79
1733 286 1945 321 FLAVIVS

134 415 218 458 264
248 420 290 457 Τ.
322 421 534 457 FLAVIVS
562 422 715 457 VESPA
726 422 902 457 SIANVS
925 436 978 450 --
999 422 1100 460 ΙΜΡ.
1123 422 1166 460 Τ.
1189 422 1527 458 VESPASIANVS
1549 422 1804 458 AVGVSTVS
1836 416 1946 459 filius

221 484 312 525 cius
334 484 406 539 qui
430 483 648 539 praecedit
669 491 711 526 et
733 484 908 526 Flaviae
931 483 1194 530 Domitillae.
1223 485 1360 527 Natus
1383 484 1424 529 d.
1447 485 1503 527 30
1524 485 1630 528 Dec.
1654 485 1768 529 Suet.
1799 484 1877 527 Tit.
1901 492 1944 535 2,

222 551 472 594 Philoealus
499 552 614 595 CIL.
637 553 670 594 Ι
683 568 731 607 p.
753 556 844 603 350,
877 569 914 595 a.
938 568 978 609 p.
1007 552 1108 596 Chr.
1131 553 1197 607 39,
1231 560 1355 595 natus
1386 552 1550 596 seilicet
1579 567 1714 595 annos
1742 554 1945 596 XXXIX

219 634 386 662 menses
418 621 459 662 V
489 620 580 662 dies
612 621 765 674 XXV,
810 636 908 663 eum
949 622 1061 677 patri
1103 621 1354 664 succederet
1393 621 1452 675 (d.
1483 623 1539 664 24
1567 622 1662 664 Iun.
1693 637 1731 665 a.
1755 622 1826 676 79)
1857 621 1945 664 Dio

221 693 285 738 00,
309 691 374 738 18,
407 689 635 731 defunctus
667 704 780 731 anno
807 690 856 732 81
893 689 1027 732 altero
1069 697 1111 732 et
1141 689 1471 746 quadragesimo
1502 691 1654 732 aetatis
1685 705 1796 732 anno
1829 690 1944 733 Suet.

224 756 304 800 Tit.
336 760 388 798 11
399 770 412 807 ‚·
452 758 610 799 erravit
649 758 780 811 mitur
809 759 1039 800 Suetonius
1069 773 1101 802 o.
1132 762 1164 802 2
1203 773 1295 800 eum
1332 759 1503 813 scripsit
1537 772 1629 800 eum
1657 762 1805 801 natum
1836 773 1946 801 ιιηηυ

218 826 377 879 insuffla
412 825 590 868 Gaiana
628 840 745 876 nece,
789 828 844 880 ef.
883 826 1103 869 Tillemont
1138 826 1221 868 Tit.
1252 830 1337 869 not.
1369 830 1418 878 1,·
1453 827 1501 870 0.
1532 827 1588 871 A.
1620 826 1860 878 Hoffmann
1898 826 1946 869 de

221 894 475 947 temporibus
503 895 590 936 Titi
608 895 877 948 imperatoris
896 898 1005 937 reete
1030 894 1277 949 definiendis
1299 895 1414 949 (diss.
1431 894 1608 949 Aryent.
1631 895 1754 950 1883)
1777 910 1825 950 p.
1847 899 1884 939 1.
1901 901 1944 939 2.

219 961 440 1004 Educatus
479 977 579 1006 cum
613 963 866 1004 Britannico
900 963 1014 1007 Suet.
1053 963 1132 1006 Tit.
1163 967 1206 1006 2.
1267 963 1467 1005 Eximiae
1497 963 1617 1006 dotes
1653 964 1746 1006 eius
1778 964 1832 1008 e‘b.
1865 979 1898 1008 e.
1919 969 1946 1005 3

221 1029 335 1081 (inde
363 1030 546 1084 Eutrop.
575 1034 612 1081 7,
633 1033 731 1086 21),
763 1031 948 1072 actiones
977 1034 1016 1073 et
1044 1032 1238 1073 earmina
1267 1032 1355 1073 eius
1385 1035 1588 1074 memorat
1617 1033 1743 1074 etiam
1765 1032 1882 1076 Plin.
1905 1031 1943 1073 h.

216 1113 257 1140 n.
279 1100 424 1152 praef.
445 1102 484 1141 5.
507 1102 550 1149 2,
572 1102 641 1141 89.
702 1099 924 1141 Tribunus
953 1098 1136 1141 militum
1167 1100 1210 1141 in
1243 1100 1479 1143 Germania
1508 1101 1564 1144 ib.
1593 1115 1626 1143 o.
1647 1104 1674 1142 4
1703 1102 1757 1154 ef.
1786 1101 1882 1144 Tae.
1904 1100 1943 1144 h.

218 1171 262 1217 2,
287 1170 351 1217 77,
394 1173 437 1208 et
476 1168 520 1209 in
550 1168 777 1209 Britannia
809 1167 924 1211 Suet.
957 1167 984 1210 l.
1016 1182 1049 1209 e.
1112 1168 1181 1220 (In
1212 1168 1440 1210 Britannia
1469 1175 1635 1224 patrem
1664 1167 1719 1210 ab
1751 1168 1945 1211 hostibus

218 1235 559 1277 circumventum
600 1241 745 1278 servat
782 1235 872 1278 Dio
903 1239 968 1286 00,
1001 1240 1068 1285 30,
1101 1237 1177 1278 ubi
1215 1251 1336 1279 error
1374 1237 1539 1279 videtur
1575 1238 1770 1291 subesse).
1832 1238 1944 1279 Foro

217 1319 393 1360 operam
425 1303 546 1346 dedit
578 1304 819 1346 ‘honestam
848 1305 986 1358 magis
1016 1319 1148 1360 quam
1179 1304 1413 1346 assiduam‘
1449 1305 1566 1349 Suet.
1599 1320 1632 1347 e.
1654 1309 1692 1349 4.
1754 1306 1946 1348 Uxorem

218 1371 340 1414 ducit
368 1371 623 1414 Arrecinam
654 1372 893 1415 Tertullam
923 1373 1004 1423 ib„
1045 1380 1087 1414 et
1128 1388 1178 1414 ea
1218 1372 1424 1415 defuncta
1452 1373 1661 1416 Marciam
1692 1373 1944 1429 Furnillam,

218 1455 315 1482 cum
337 1456 434 1497 qua,
467 1440 635 1483 sublata
656 1440 745 1483 filia
769 1440 891 1495 Iulia,
922 1440 1158 1483 divortium
1185 1441 1287 1483 fecit
1308 1442 1365 1486 ib.
1412 1441 1627 1495 Quaestor
1647 1443 1703 1486 ib.
1754 1443 1946 1497 Legatus

218 1508 399 1563 legionis
439 1510 480 1550 in
513 1509 677 1552 Iudaea
718 1509 796 1552 sub
838 1516 960 1566 patre
999 1510 1055 1554 ib.
1115 1510 1241 1552 Iussu
1272 1511 1407 1566 patris
1438 1512 1633 1566 quintam
1664 1517 1707 1553 et
1736 1510 1946 1552 decimam

218 1576 409 1632 legiones
438 1577 706 1620 Alexandria
747 1580 788 1620 in
831 1577 1037 1620 Iudaeam
1079 1578 1198 1620 ducit
1227 1579 1431 1633 Iosephus
1457 1579 1549 1621 bell.
1580 1583 1619 1629 3,
1643 1583 1680 1629 1,
1700 1583 1751 1630 3;
1779 1584 1819 1629 3,
1841 1582 1878 1628 4,
1902 1585 1944 1621 2.

217 1646 406 1688 Fortiter
447 1646 560 1688 facta
599 1648 690 1689 cius
731 1647 775 1688 in
817 1646 978 1689 Iudaea
1006 1651 1044 1697 3,
1081 1651 1116 1696 7,
1146 1650 1224 1698 31,-
1249 1650 1288 1697 3,
1320 1651 1386 1698 10,
1418 1651 1443 1689 1
1463 1661 1571 1701 seq.,·
1600 1651 1639 1698 4,
1666 1651 1705 1698 1,
1734 1651 1786 1689 10
1818 1647 1947 1697 ιιῖι”1)ἱ,·

218 1715 336 1757 Suet.
369 1714 394 1756 l.
427 1731 461 1757 e.
510 1715 670 1757 Missus
701 1715 756 1757 ad
788 1714 974 1759 Galbam
1005 1715 1060 1757 ad
1092 1715 1400 1770 gratulandum
1422 1716 1624 1770 Iosephus
1644 1720 1682 1766 4,
1706 1722 1744 1766 9,
1767 1720 1809 1766 ,2,
1848 1716 1944 1758 Tae.

216 1782 256 1827 h.
280 1786 318 1832 1,
340 1786 418 1834 10‚·
456 1788 500 1834 L),
522 1787 560 1834 1,
604 1784 720 1827 Suet.
751 1787 789 1834 5,
833 1799 929 1826 eum
963 1783 1161 1827 Corinthi
1198 1783 1390 1826 audisset
1432 1784 1616 1828 Galbam
1658 1785 1944 1838 interfectum,

217 1852 449 1894 revertitur
477 1852 680 1907 Iosephus
710 1852 736 1897 l.
768 1867 816 1902 e.,
855 1852 951 1896 Tae.
984 1852 1023 1895 h.
1055 1858 1098 1903 2,
1131 1856 1229 1903 1-4,
1264 1853 1379 1897 Suet.
1416 1853 1441 1895 l.
1474 1867 1521 1903 6.,
1560 1853 1758 1895 Zonaras
1788 1856 1851 1903 11,
1884 1857 1946 1896 10.

219 1919 508 1962 Consiliorum
551 1922 662 1963 inter
692 1921 1009 1977 Vespasianum
1045 1928 1087 1963 et
1116 1921 1368 1964 Mucianum
1405 1922 1582 1964 nuntius
1620 1922 1717 1966 Tae.
1747 1922 1786 1963 h.
1818 1926 1861 1971 2,
1896 1924 1946 1963 70

217 1989 271 2041 ef.
303 1989 506 2043 Iosephus
535 1993 574 2039 4,
597 1993 635 2039 1,
657 1993 695 2032 5.
767 1990 940 2032 Patrem
973 1991 1276 2046 imperatorem
1308 1990 1468 2032 factum
1499 1991 1727 2032 comitatur
1757 1989 1946 2032 Alexan-

175 2059 184 2061 *
218 2056 355 2099 driam
384 2057 587 2112 Iosephus
618 2057 711 2100 bell.
738 2059 885 2112 praef.
917 2062 993 2109 10‚·
1021 2062 1061 2108 4,
1084 2062 1149 2108 11,
1171 2062 1220 2109 5,·
1249 2062 1287 2108 5,
1315 2062 1354 2109 1,
1377 2062 1415 2101 1.
1478 2058 1595 2100 Cura
1625 2058 1725 2101 belli
1757 2059 1946 2101 Iudaeici

218 2125 255 2166 ei
276 2127 504 2168 commissa
530 2126 569 2168 Τ
565 2141 626 2168 ae.
651 2126 691 2168 h.
713 2130 756 2176 ..9,
778 2132 862 2176 82,
882 2130 920 2177 4,
943 2130 996 2169 51
1005 2140 1017 2177 ;
1036 2126 1124 2169 Dio
1145 2132 1210 2177 00,
1232 2131 1281 2178 4,·
1313 2128 1430 2170 Suet.
1463 2127 1544 2169 Tit.
1566 2131 1605 2171 5.
1648 2127 1700 2171 Α.
1719 2127 1773 2169 70
1795 2127 1945 2169 Hiero-

217 2193 382 2249 solyma
413 2194 581 2236 obsidet
610 2195 812 2249 Iosephus
841 2200 879 2245 5,
913 2199 950 2245 1,
983 2199 1009 2237 0
1028 2209 1134 2249 seq.;
1171 2196 1268 2238 Tae.
1301 2196 1340 2238 h.
1371 2198 1411 2246 5,
1445 2199 1470 2237 1
1501 2209 1606 2250 seq„
1640 2203 1682 2238 et
1713 2202 1944 2252 expugnat,

218 2263 374 2318 partim
405 2262 474 2305 dic
509 2264 573 2305 10.
611 2264 656 2304 ll
689 2264 770 2305 Loi
800 2265 958 2305 mensis
989 2264 1193 2318 Iosephus
1214 2264 1306 2306 bell.
1338 2268 1376 2314 0,
1398 2268 1437 2314 4,
1459 2267 1572 2309 5-0,·
1608 2270 1644 2314 0,
1668 2268 1706 2314 1,
1740 2264 1786 2306 rid
1814 2268 1873 2306 est
1902 2267 1948 2305 ut

217 2330 380 2373 videtur
405 2331 444 2373 d.
466 2336 530 2373 10.
554 2335 604 2373 11
625 2331 752 2386 Any„
785 2333 1021 2388 impera-tor
1049 2348 1075 2374 a
1106 2332 1315 2374 militibus
1347 2331 1607 2375 acclamatus
1639 2333 1693 2375 ib.
1716 2337 1753 2382 0,
1777 2338 1815 2382 0,
1838 2337 1861 2374 1
1891 2334 1944 2385 cs.

219 2399 333 2444 Suet.
361 2399 441 2443 Tit.
461 2403 500 2450 5,
534 2401 690 2456 partim
717 2400 758 2442 d.
794 2401 831 2444 7.
854 2401 879 2442 8
911 2401 1071 2442 mensis
1103 2401 1309 2457 Gorpiaci
1340 2401 1544 2455 Iosephus
1574 2401 1666 2443 bell.
1699 2407 1737 2451 0,
1772 2405 1806 2451 7,
1838 2405 1875 2445 4.
1906 2406 1944 2450 5,

218 2467 263 2509 id
291 2471 351 2510 est
374 2471 421 2510 ut
441 2468 604 2510 ridetur
626 2468 664 2510 d.
685 2473 723 2512 0.
750 2472 776 2510 7
790 2470 943 2511 mensis
965 2470 1225 2523 Septembris
1254 2470 1323 2524 (esi
1354 2469 1402 2512 O.
1425 2469 1481 2511 A.
1504 2469 1742 2521 Hoffmann
1773 2469 1822 2512 de
1848 2473 1946 2511 tem-

213 2537 396 2590 poribus
416 2537 510 2579 Titi
523 2538 796 2591 imperatoris
808 2552 855 2591 p.
869 2541 906 2579 4.
920 2537 1007 2590 24).
1040 2538 1219 2580 Romam
1237 2553 1434 2580 reversus
1453 2537 1689 2594 triumphat
1704 2553 1801 2580 cum
1824 2545 1946 2594 patre

217 2604 380 2659 Ioseph.
405 2608 440 2655 7,
461 2598 500 2655 5,
522 2609 549 2647 4
567 2619 662 2659 seq„
692 2606 808 2648 Suet.
842 2606 921 2648 Tit.
944 2611 983 2656 0,
1014 2621 1159 2648 mense
1180 2605 1287 2662 Apr.
1311 2605 1380 2648 vel
1402 2606 1503 2650 Mai.
1527 2606 1596 2648 vel
1619 2607 1712 2651 Iun.
1736 2623 1774 2652 a.
1797 2607 1845 2649 71
1873 2608 1944 2661 (ef.

217 2673 293 2715 sub
306 2673 462 2727 patre).
477 2674 728 2716 Praefectus
743 2675 956 2730 practorio
970 2674 1091 2717 le.
1103 2674 1143 2719 h.
1156 2689 1197 2718 n.
1206 2676 1351 2729 praef.
1362 2678 1400 2725 3,
1416 2675 1532 2718 Suet.
1552 2676 1632 2719 Tit.
1645 2679 1683 2725 0,
1705 2675 1807 2719 Vnt.
1826 2674 1944 2719 Caes.

217 2747 255 2791 9,
274 2745 340 2792 10,
364 2742 461 2796 epit.
484 2745 549 2792 10,
571 2746 610 2784 4.
650 2742 827 2797 Collega
860 2743 992 2798 patris
1014 2739 1057 2784 in
1080 2749 1243 2799 septem
1266 2742 1559 2786 consulatibus
1582 2744 1697 2786 Suet.
1720 2749 1758 2793 0,
1782 2743 1945 2785 scilicet

217 2809 366 2851 consul
388 2810 631 2852 ordinarius
652 2826 690 2854 a.
713 2811 778 2863 70,
809 2811 852 2853 ΙΙ
878 2827 915 2853 a.
935 2811 1002 2863 72,
1024 2811 1091 2853 111
1112 2827 1149 2855 a.
1172 2811 1238 2866 74,
1260 2811 1350 2854 IIII
1371 2828 1410 2854 a.
1434 2812 1499 2865 75,
1524 2812 1563 2854 V
1587 2828 1624 2856 a.
1644 2812 1710 2863 76,
1732 2812 1795 2854 VI
1817 2829 1854 2854 a.
1878 2812 1944 2864 77,

219 2878 305 2920 VII
336 2894 373 2920 a.
398 2879 450 2920 79
481 2879 599 2932 fasti.
657 2878 896 2921 Censuram
936 2880 1127 2936 suscepit
1163 2895 1249 2922 una
1278 2895 1377 2922 eum
1408 2887 1530 2936 patre
1562 2881 1677 2924 Suet.
1708 2880 1734 2922 l.
1768 2896 1814 2930 0.,
1846 2887 1945 2922 ante

220 2945 306 2988 kal.
336 2945 468 2988 Iulias
497 2962 535 2989 a.
560 2947 613 2989 73
645 2950 671 2991 1‘.
705 2948 898 2990 Sestinas
923 2947 1039 2990 Ball.
1068 2947 1162 2990 dell'
1179 2948 1286 2990 Inst.
1315 2951 1425 2991 1856
1445 2964 1491 3002 p.
1512 2953 1603 2999 141,
1636 2948 1814 2991 lustrum
1848 2963 1943 2990 con-

217 3013 328 3056 didit
356 3030 394 3058 a,
419 3015 472 3057 74
504 3014 573 3069 (ef.
605 3016 682 3058 sub
705 3015 864 3070 patre).
935 3015 1153 3058 Defuncto
1194 3023 1316 3072 patre
1356 3016 1580 3071 Augustus
1622 3016 1862 3073 appellatus
1903 3016 1943 3058 d.

219 3084 273 3124 24
297 3083 392 3127 Iun.
415 3084 468 3125 79
496 3083 566 3139 (of.
596 3084 673 3125 sub
696 3087 856 3139 patre).
910 3083 1072 3127 Consul
1096 3092 1296 3126 octavum
1315 3100 1413 3127 cum
1435 3085 1684 3127 Domitiano
1716 3086 1944 3141 septimum

218 3165 256 3193 a.
282 3151 337 3193 80
367 3152 482 3204 f'asti.
542 3151 787 3194 Defunctus
817 3152 859 3195 d.
885 3153 936 3195 13
959 3152 1076 3209 Sept.
1108 3169 1146 3195 a.
1168 3153 1219 3195 81
1255 3153 1371 3198 Suet.
1400 3153 1481 3195 Tit.
1503 3157 1554 3196 11
1582 3154 1634 3207 ef.
1667 3153 1754 3195 Dio
1777 3158 1840 3203 00,
1863 3157 1943 3202 26,-

218 3218 399 3273 Europ.
423 3222 459 3270 7,
481 3223 555 3270 22,
577 3223 616 3261 1.

134 3287 217 3329 265
247 3286 298 3329 Τ.
330 3286 545 3341 Flav(ius)
577 3288 727 3330 Victor
766 3302 899 3343 agens
940 3290 1056 3332 vices
1096 3289 1225 3345 legati
1267 3291 1343 3345 (sie
1385 3290 1618 3332 BIommsen
1660 3290 1733 3343 qui
1771 3290 1945 3331 coniecit

220 3354 384 3398 litteras
404 3371 441 3400 a.
465 3370 503 3399 v,
525 3354 554 3397 l.
576 3356 842 3411 oontiynatas
872 3358 1000 3411 fuisse
1030 3358 1075 3400 in
1105 3358 1260 3413 lapide,
1291 3372 1384 3401 eum
1415 3359 1460 3400 in
1490 3357 1735 3412 apoyrapho
1765 3358 1821 3399 sit
1849 3372 1943 3400 eon-
