2202 3724
130 305 205 341 MA

206 304 352 341 RTIVS
1013 299 1094 342 351
1669 306 1938 343 MARVLLVS

217 436 384 491 prioris
412 436 655 479 consulatus
682 436 763 479 XI
785 439 910 487 1924,
947 436 1124 479 alterius
1153 436 1394 480 consulatus
1426 437 1494 480 VI
1513 440 1641 489 2979,
1673 438 1782 481 XII
1802 441 1941 489 2390,-

217 505 402 547 Martius
421 505 564 548 Verus
596 508 624 547 t.
645 509 684 547 1.
708 508 746 555 3,
778 504 959 556 Fronto,
989 506 1061 549 vit.
1094 505 1193 548 Veri
1221 509 1258 556 7,
1301 505 1473 556 Sm‘das,
1515 507 1613 548 item
1647 507 1692 549 in
1722 507 1941 549 consulatu

216 573 343 616 XIV
360 576 484 624 2856,
527 573 595 616 VI
615 575 761 616 31027
786 572 954 628 [melius
988 587 1115 627 quam
1154 573 1222 616 VI
1242 576 1281 624 5,
1311 576 1424 616 3260
1435 573 1492 629 *],
1532 575 1735 629 (Martius
1766 575 1939 630 Ver[us]

215 641 315 684 XV
338 645 476 692 4372,
516 641 646 684 Mart.
686 641 830 683 Verus
869 641 968 684 XV
989 644 1122 692 4375,
1163 641 1379 696 Marffius]
1420 642 1562 684 Verus
1600 643 1689 686 III
1720 643 1767 687 S.
1807 646 1917 686 8663
1928 657 1941 695 ;

215 709 262 752 Μ
280 742 291 752 .
308 742 319 752 .
336 743 346 752 .
365 742 374 752 .
418 713 446 752 t.
475 710 547 764 2);
599 710 839 765 coynorm'ne
880 709 968 752 solo
1010 712 1190 751 utuntur
1227 709 1316 752 Dio
1361 709 1439 765 (vel
1477 709 1634 753 Dionis
1674 713 1939 768 epitomator)

219 781 284 829 71,
311 781 381 822 23.
407 780 477 821 25.
497 780 555 821 29
585 781 625 820 et
651 777 734 820 vid.
763 777 891 820 Avia.
920 777 1065 820 Cassii
1092 780 1131 821 9.
1197 777 1264 831 Cf.
1294 778 1427 832 Napp
1457 778 1506 821 de
1535 780 1659 822 rebus
1688 781 1942 835 inweratore

215 845 282 889 M.
312 846 492 889 Aurelio
520 846 568 888 in
605 845 774 889 Oriente
800 846 928 900 yestis
959 845 1074 898 (diss.
1106 845 1245 889 Bonn.
1276 846 1402 900 1879)
1425 861 1473 901 p.
1504 850 1556 890 65
1585 861 1666 902 seq.

301 914 494 969 Legatus
524 913 706 969 legionis
739 915 916 971 quintae
948 914 1267 969 Macedonicae,
1292 915 1414 957 initio
1436 916 1605 972 imperii
1622 916 1760 959 Marci
1780 924 1822 960 et
1835 918 1941 960 Veri

218 985 246 1026 t.
268 986 306 1025 1.
358 983 475 1025 Vero
502 984 548 1024 in
568 982 698 1039 Syria
717 989 912 1024 morante
943 997 1034 1024 rem
1055 982 1166 1025 bene
1187 984 1300 1037 gerit
1320 990 1471 1027 contra
1490 985 1674 1028 Parthos
1693 986 1765 1028 vit.
1797 986 1898 1029 Veri
1916 990 1944 1028 7

216 1051 271 1104 cf.
283 1050 373 1093 Dio
390 1054 454 1102 71,
466 1053 547 1102 25;
565 1051 732 1093 Fronto
750 1050 808 1092 ad
828 1050 979 1093 Verum
993 1051 1093 1104 inq).
1105 1054 1149 1101 2,
1165 1053 1253 1105 310.
1265 1054 1346 1093 131
1364 1051 1524 1094 Naber.
1555 1052 1774 1096 Armeniis
1794 1069 1939 1110 regem

215 1119 523 1176 imponendum
554 1125 677 1162 curat
698 1118 860 1162 Suidas
887 1131 920 1161 s.
941 1132 978 1160 υ.
1001 1118 1176 1175 Μάρτιος
1205 1119 1334 1174 (anno
1363 1123 1455 1171 164,
1486 1124 1535 1163 ut
1563 1121 1706 1176 colliqi
1725 1126 1866 1176 potest
1892 1139 1943 1166 ex

214 1188 396 1230 nummis
431 1187 531 1230 Veri
568 1202 637 1242 ap.
667 1187 831 1230 Eckhel
859 1190 898 1237 7,
930 1186 1012 1240 91),
1052 1202 1155 1229 mox
1195 1188 1287 1244 ipse
1323 1187 1576 1231 Armeniam
1619 1197 1714 1246 post
1754 1191 1940 1234 Statium

214 1256 414 1298 Priscum
443 1260 646 1312 peragrat
667 1254 828 1299 Suidas
858 1254 885 1297 l.
917 1268 951 1297 c.
981 1255 1036 1308 cf.
1066 1254 1155 1298 Dio
1178 1259 1241 1306 71,
1269 1259 1346 1307 14;
1378 1256 1537 1311 legatus
1564 1260 1613 1299 ut
1640 1258 1804 1301 m'detur
1831 1259 1940 1315 Cap-

205 1324 431 1379 padociae,
462 1338 542 1378 quo
570 1337 740 1366 munere
769 1323 948 1378 funyens
978 1324 1105 1366 etiam
1135 1323 1312 1366 Priscus
1331 1324 1580 1367 Armeniam
1607 1327 1842 1370 subiecerat
1870 1329 1939 1383 (cf.

214 1392 284 1435 VI
295 1395 420 1444 1523)
441 1395 480 1435 et
502 1406 583 1446 quo
613 1395 722 1435 certe
743 1391 882 1446 paulo
901 1395 1054 1446 postea
1081 1392 1172 1446 ipse
1197 1393 1467 1447 fungebatur.
1513 1394 1769 1448 (Veteranus
1789 1397 1944 1451 aliquis

213 1461 333 1503 miles
370 1461 512 1515 factus
552 1474 663 1503 anno
693 1464 794 1511 145,
832 1460 1006 1503 functus
1047 1460 1323 1517 expeditione
1364 1461 1576 1504 Orientali
1617 1463 1693 1505 sub
1725 1478 1783 1515 eo,
1822 1468 1848 1507 t.
1880 1465 1941 1520 2).

213 1528 375 1572 Consul
406 1529 503 1572 suff.
534 1544 632 1572 cum
662 1529 722 1572 M.
743 1528 874 1571 Vibio
904 1528 1105 1571 Liberale
1135 1544 1173 1571 a.
1197 1530 1280 1572 166
1310 1529 1412 1584 dipl.
1433 1529 1521 1572 mil.
1554 1531 1661 1586 (III
1674 1531 1720 1574 S.
1734 1547 1781 1586 p.
1801 1536 1940 1589 1991),

215 1612 364 1640 mense
392 1598 549 1641 Martio
581 1597 642 1651 (et
662 1597 789 1654 Apr.)
819 1597 900 1640 XI
922 1601 1047 1641 1924.
1092 1597 1285 1652 Legatus
1308 1597 1610 1654 Cappadociae
1633 1600 1692 1644 M.
1713 1600 1942 1644 Aurelium

215 1668 442 1709 certiorem
481 1666 586 1709 facit
625 1666 679 1708 de
720 1666 964 1708 defectione
999 1665 1149 1708 Avidii
1189 1665 1328 1709 Cassii
1367 1666 1456 1709 Dio
1488 1670 1551 1718 71,
1583 1671 1653 1719 23,
1698 1672 1786 1712 vita
1815 1670 1941 1715 Avid.

211 1734 356 1778 Cassii
377 1738 416 1779 9.
475 1735 528 1777 In
560 1734 732 1791 Syriam
761 1736 920 1777 missus
949 1734 1115 1777 litteras
1145 1735 1190 1777 in
1217 1734 1356 1778 Cassii
1388 1737 1516 1778 occisi
1545 1737 1714 1779 scriniis
1745 1739 1942 1781 inventas

216 1803 429 1846 comburit
457 1802 545 1845 Dio
576 1806 640 1854 71,
672 1806 744 1847 29.
797 1803 991 1858 Legatus
1027 1803 1182 1859 Syriae
1216 1804 1345 1846 etiam
1382 1803 1618 1847 Commodo
1653 1821 1679 1848 a
1712 1806 1860 1849 Marco
1897 1808 1942 1849 in

215 1873 462 1915 societatem
493 1872 660 1928 imperii
690 1871 918 1928 adsumpto
950 1873 1006 1927 (a.
1039 1872 1139 1926 177)
1171 1875 1197 1917 t.
1225 1875 1264 1915 3.
1317 1872 1478 1915 Consul
1508 1874 1554 1916 II
1583 1874 1826 1917 ordinarius
1856 1891 1943 1918 una

214 1955 314 1983 cum
334 1940 570 1983 Commodo
594 1941 640 1983 Π
669 1956 708 1983 a.
732 1941 815 1984 179
835 1941 954 1994 fasti.
995 1939 1233 1997 Oooptatus
1263 1942 1308 1983 in
1338 1940 1565 1996 collegium
1596 1942 1771 1999 aliquod
1802 1959 1941 1986 sacer-

214 2009 358 2052 dotale
387 2025 424 2053 a.
451 2009 554 2060 1803
585 2010 632 2052 in
652 2009 845 2052 defuncti
867 2016 915 2052 ut
934 2009 1110 2052 videtur
1131 2010 1224 2051 eius
1249 2008 1390 2051 locum
1417 2009 1528 2052 alius
1559 2011 1768 2054 suffectus
1798 2028 1835 2057 a.
1860 2014 1942 2056 190

214 2081 244 2121 t.
273 2081 313 2122 4.
372 2078 506 2120 Pater
532 2081 642 2132 puto
672 2078 723 2120 P.
754 2079 916 2120 Martii
943 2078 1088 2133 Seryii
1117 2078 1358 2121 Saturnini.
1383 2104 1438 2108 —
1470 2078 1590 2121 Ofilli
1620 2080 1869 2123 Macedonis
1901 2087 1943 2123 et

212 2146 344 2189 Marti
366 2147 473 2189 Veri
504 2153 547 2189 et
575 2146 701 2202 Sergi
731 2146 955 2190 Saturnini
985 2146 1132 2201 fistula
1161 2147 1347 2202 (urbana
1373 2150 1421 2189 ut
1439 2147 1633 2203 videtur),
1667 2163 1735 2203 ap.
1757 2150 1941 2192 Lancia-

212 2216 331 2258 nium
359 2215 452 2270 syn.
484 2229 550 2269 aq.
577 2229 619 2257 n.
649 2218 747 2258 504.

242 2290 465 2326 CLAVDIA
495 2290 660 2325 MARIA
690 2290 896 2324 MAXIMA
925 2289 1122 2324 MARTIA
1154 2288 1398 2327 SECVNDA.

244 2358 500 2394 CORNELIA
530 2357 844 2394 MARVLLINA.

242 2426 469 2462 NERATIA
498 2426 814 2462 MARVLLINA.

242 2489 453 2546 Pompeia
479 2487 757 2544 Marulli[na].

241 2557 461 2613 (AELIVS)
491 2564 831 2600 MARVLLINVS.

128 2627 213 2670 262
243 2625 454 2669 Marullus
485 2628 690 2684 ἱππάρχης
720 2625 917 2683 (ἔπαρχος
942 2627 1049 2668 coni.
1071 2625 1269 2680 Hudson)
1299 2627 1456 2669 missus
1476 2642 1504 2669 a
1524 2628 1634 2671 Gaio
1666 2628 1710 2668 in
1736 2626 1940 2669 Iudaeam

213 2694 417 2750 Iosephus
447 2698 533 2737 ant.
565 2697 632 2746 18,
655 2698 693 2746 6,
714 2698 782 2737 10.
831 2694 1099 2737 Procurator
1127 2695 1286 2737 scilicet
1311 2695 1521 2746 Iudaeae,
1552 2709 1764 2738 successor
1794 2695 1943 2738 Pontii

214 2762 365 2814 Pilati,
399 2764 453 2817 cf.
484 2763 664 2806 Rohden
694 2763 743 2806 de
773 2763 1027 2806 Palaestina
1055 2766 1096 2806 et
1123 2763 1262 2806 Arab.
1286 2779 1334 2819 p.
1355 2768 1423 2808 34.

130 2832 214 2875 263
243 2831 456 2875 Marullus
487 2832 611 2887 (libri
635 2832 819 2876 Senecae
839 2832 1007 2887 passim
1027 2831 1255 2887 Marillus),
1288 2832 1444 2887 rhetor,
1477 2839 1731 2890 praeceptor
1750 2832 1939 2876 Senecae

216 2907 259 2943 et
288 2901 433 2943 Porcii
472 2901 670 2945 Latronis
708 2901 870 2944 Seneca
909 2903 1041 2943 contr.
1071 2906 1098 2943 1
1124 2902 1270 2955 praef.
1301 2905 1377 2944 22.
1408 2905 1451 2952 2,
1472 2905 1540 2944 17.
1572 2905 1609 2951 7,
1629 2905 1671 2951 2,
1693 2904 1746 2943 11
1776 2900 1940 2955 (schola

215 2970 308 3011 eius
339 2972 469 3012 contr.
495 2972 521 3012 1
542 2970 688 3024 praef.
718 2970 808 3023 24).
861 2968 1203 3012 Declamationes
1233 2970 1323 3012 eius
1342 2971 1512 3025 passim
1541 2969 1795 3023 adferuntur
1827 2968 1942 3023 apud

216 3037 433 3089 Senecam,
463 3038 518 3092 cf.
548 3038 637 3080 ind.
670 3037 926 3092 Kiesslinqii
946 3052 994 3092 p.
1015 3039 1107 3081 545.

130 3106 217 3148 264
245 3105 482 3148 Marullus:
515 3106 552 3148 ei
583 3112 764 3148 mortem
796 3105 873 3148 filii
908 3105 1081 3163 parvuli
1111 3105 1299 3149 molliter
1328 3106 1481 3148 ferenti
1515 3106 1681 3149 Seneca
1711 3103 1938 3161 epistulam

215 3173 549 3216 consolatoriam
579 3175 753 3231 scripsit
782 3189 911 3231 quam
939 3175 1058 3217 misit
1086 3174 1255 3217 Lucilio
1278 3174 1439 3218 Seneca
1469 3189 1531 3229 ep.
1555 3177 1621 3224 99,
1643 3177 1681 3217 1.

128 3242 212 3285 265
242 3241 469 3298 Marullus,
488 3242 812 3300 mimographus
840 3242 1030 3286 Galenus
1051 3245 1137 3300 περὶ
1157 3245 1405 3299 ἀνατομικῶν
1428 3243 1696 3299 ἐγχειρήσεων
1717 3239 1796 3294 (II
1799 3256 1847 3295 p.
1859 3244 1939 3283 631

213 3310 275 3353 ed.
307 3310 493 3364 Kuehn),
533 3312 605 3355 vit.
639 3311 790 3354 Marci
815 3314 856 3362 8,
887 3315 935 3361 1,
976 3311 1174 3354 Marcum
1214 3318 1256 3353 et
1285 3312 1449 3354 Verum
1479 3313 1654 3366 impune
1684 3310 1940 3366 perstrinxit

212 3379 285 3421 vit.
308 3379 462 3422 Marci
486 3379 513 3422 l.
535 3393 570 3422 c.
611 3379 782 3423 Citatur
802 3379 919 3424 Serv.
942 3379 1001 3422 ad
1024 3379 1144 3434 Very.
1165 3379 1274 3421 Buc.
1298 3382 1335 3429 7,
1357 3382 1428 3429 26,
1459 3379 1567 3421 Aen.
1588 3382 1627 3428 7,
1649 3381 1742 3421 499.
1779 3377 1935 3419 Memo-
