2202 3724
326 307 497 347 IVLIVS
1193 295 1277 339 174
1941 339 1951 350 „
1963 302 2127 350 lvnms

409 436 522 480 CIL.
544 436 577 478 I
592 450 639 490 p.
660 437 753 484 384,
786 447 930 477 comm.
966 432 1024 476 ad
1049 446 1158 477 mon.
1186 432 1345 487 Aneyr.
1368 446 1415 487 p.
1437 434 1516 476 145
1534 445 1622 487 seq.
1660 431 1817 476 A.⁷'731
1849 443 1947 475 cum
1977 447 2128 474 consu·

411 504 501 546 latu
532 503 760 545 undecimo
795 516 841 543 se
871 500 1136 555 abdicasset,
1179 514 1313 542 annos
1355 500 1615 543 tribuniciae
1654 501 1876 556 potestatis
1904 515 2131 542 numerare

412 572 552 627 coepit
581 570 688 624 fasti
714 569 947 624 Capitolini
977 569 1030 622 ef.
1053 568 1290 611 Mommsen
1314 568 1503 611 Staatsr.
1527 568 1607 611 11⁸
1631 583 1679 623 p.
1699 571 1793 610 873.
1845 567 2007 611 Consul
2027 567 2129 610 duo-

410 639 623 681 decimum
664 653 702 680 a.
731 638 813 680 749
854 652 951 680 cum
991 637 1042 678 L.
1085 635 1284 679 Cornelio
1326 636 1468 691 Sulla,
1513 636 1662 679 consul
1703 636 1916 679 decimum
1954 636 2130 678 tertium

411 723 448 749 a.
472 707 553 750 752
584 720 681 748 cum
702 705 761 747 M.
784 703 1155 748 Plautio'Silvano
1177 705 1286 758 fasti
1305 705 1359 758 ef.
1384 705 1499 748 Suet.
1522 704 1633 759 Au9.
1656 708 1726 749 26.
1770 704 1970 757 Decessit
1994 702 2131 746 Nolae

411 791 448 818 a.
481 774 560 817 767
592 774 633 815 d.
667 773 719 816 19
749 772 861 828 Aug.
896 773 1010 816 Suet.
1033 772 1147 827 Auy.
1168 776 1262 823 109,
1294 772 1382 815 Dio
1399 775 1464 823 56,
1487 776 1540 814 30
1570 773 1623 826 of.
1656 772 1756 814 Vell.
1776 776 1819 823 2,
1841 775 1937 822 123,
1972 771 2069 814 Tac.
2088 786 2128 814 a.

409 846 447 892 1,
469 846 508 893 5,
529 846 554 884 9
589 842 693 897 (dies
724 844 784 883 est
813 842 940 883 etiam
970 842 1015 883 in
1044 841 1171 895 fastis
1201 840 1484 883 Amiterninis
1513 844 1552 883 et
1581 839 1860 894 Antiatibus).

494 911 688 953 Uxores:
721 909 915 964 Claudia,
948 909 1007 951 M.
1030 909 1209 951 Antonii
1239 910 1451 965 privigna,
1484 908 1669 951 Fulviae
1699 923 1754 950 ex
1774 909 1823 951 P.
1846 907 1997 951 Clodio
2027 906 2129 958 filia,

411 993 541 1034 quam
562 978 690 1020 duxit
710 993 748 1020 a.
766 978 843 1020 711
877 977 975 1020 Velt.
992 981 1035 1028 2,
1053 979 1117 1028 65,
1144 976 1258 1020 Suet.
1275 976 1388 1032 Auy.
1406 981 1475 1028 62,
1499 977 1588 1019 Dio
1601 980 1667 1027 46,
1684 980 1748 1027 56,
1770 976 1884 1019 Plut.
1901 975 2060 1018 Anton.
2071 979 2130 1020 20

411 1047 463 1099 ef.
493 1046 612 1089 Oros.
636 1049 673 1096 6,
695 1049 762 1096 18,
784 1049 842 1088 17
869 1052 911 1088 et
942 1061 978 1088 a.
1002 1045 1084 1088 713
1115 1046 1322 1087 intactam
1343 1045 1505 1087 dimisit
1525 1044 1613 1087 Dio
1632 1047 1700 1095 48,
1721 1047 1760 1095 5,
1783 1044 1900 1088 διιεῖ.
1921 1043 2033 1099 Auy.
2050 1047 2130 1095 62;

412 1113 639 1156 Scribonia
667 1114 783 1157 Suet.
807 1114 833 1156 l.
856 1127 903 1164 6.,
935 1113 1116 1156 Libonis
1138 1120 1180 1156 et
1201 1113 1376 1157 Sentiae
1396 1113 1487 1155 filia
1509 1113 1678 1156 Notizie
1696 1115 1806 1156 1890
1819 1127 1867 1167 p.
1887 1115 1973 1156 323
1999 1126 2129 1169 quam

409 1188 511 1225 nata
539 1181 627 1224 filia
656 1197 694 1226 a.
718 1183 800 1225 715
832 1183 977 1226 statim
1007 1182 1169 1224 dimisit
1198 1180 1288 1224 Dio
1315 1185 1383 1232 48,
1406 1185 1471 1232 34,
1503 1181 1619 1225 Suet.
1652 1180 1765 1236 Auy.
1788 1184 1858 1224 62.
1889 1183 1941 1224 69
1951 1194 1965 1232 ,·
2003 1180 2131 1223 Livia

408 1249 603 1293 Drusilla
632 1251 703 1306 (of.
724 1251 801 1293 sub
823 1250 933 1306 hae).
953 1275 1011 1281 -
1037 1249 1172 1294 Filia:
1204 1250 1342 1305 Iulia3
1372 1249 1449 1292 filii
1481 1264 1559 1306 per
1588 1249 1861 1306 adoptionem
1888 1248 1936 1292 C.
1969 1248 2130 1292 Caesar

411 1318 465 1373 (is
483 1319 557 1374 qui
575 1318 792 1373 sequitur),
824 1319 875 1363 L.
898 1318 1059 1362 Caesar
1083 1319 1219 1373 (infra
1239 1332 1279 1361 n.
1302 1318 1411 1373 148),
1442 1319 1509 1361 Ti.
1532 1317 1691 1361 Caesar
1712 1317 1768 1373 (n.
1790 1316 1899 1372 150),
1930 1316 2130 1373 Agrippa

410 1384 569 1428 Caesar
599 1386 654 1441 (n.
677 1385 789 1440 139).

328 1453 403 1495 141
440 1459 480 1495 C.
510 1453 711 1508 (IVLIVS)
744 1459 941 1496 CAESAR
979 1453 1038 1498 M.
1069 1453 1292 1510 Agrippae
1332 1460 1375 1496 et
1414 1453 1572 1509 Iuliae,
1603 1453 1790 1508 Augusti
1825 1452 1959 1508 filiae,
2001 1452 2126 1508 filius,

412 1528 538 1563 natus
569 1537 607 1564 a.
630 1522 712 1564 734
742 1521 830 1564 Dio
860 1524 924 1573 54,
955 1524 984 1563 8
1013 1522 1190 1576 (Zonar.
1214 1525 1280 1572 10,
1301 1524 1372 1577 34)
1403 1521 1632 1578 adoptatus
1663 1521 1717 1564 ab
1749 1521 1945 1576 Augusto
1976 1536 2013 1563 a.
2046 1521 2127 1564 737

407 1589 494 1640 Dio
514 1592 579 1640 54,
602 1593 667 1640 18,
699 1590 911 1632 Eusebius
933 1589 990 1631 ad
1009 1604 1048 1631 a.
1070 1589 1177 1632 Abr.
1200 1593 1325 1640 2001,
1361 1589 1476 1632 Suet.
1498 1589 1611 1644 Auy.
1634 1593 1698 1641 64,
1731 1589 1831 1632 Vell.
1852 1592 1896 1640 2,
1917 1592 1971 1632 96
2001 1588 2128 1643 (‘divi

408 1657 596 1712 Augusti
624 1658 738 1701 filius
769 1673 818 1701 ac
848 1665 999 1715 nepos'
1025 1658 1186 1701 Seneca
1207 1671 1317 1700 cons.
1342 1658 1400 1700 ad
1419 1658 1565 1713 Polyb.
1588 1661 1653 1709 15,
1674 1659 1732 1712 4).
1772 1657 1826 1702 Α.
1849 1658 1928 1701 741
1952 1658 2128 1700 Troiam

410 1725 514 1768 lusit
537 1726 624 1769 Dio
643 1729 708 1778 54,
730 1730 800 1770 26.
850 1726 1026 1770 Tiberio
1057 1725 1222 1768 consuli
1253 1726 1365 1768 ludis
1397 1741 1474 1783 pro
1501 1726 1643 1769 reditu
1663 1726 1850 1781 Augusti
1883 1726 2026 1768 edenti
2055 1725 2128 1768 ad-

410 1794 519 1836 sidet
546 1794 634 1837 Dio
654 1798 719 1846 54,
742 1798 812 1838 27.
872 1794 925 1837 A.
950 1795 1032 1837 746
1062 1794 1309 1850 Augustum
1340 1796 1571 1837 comitatur
1600 1796 1646 1837 in
1677 1794 1864 1838 Galliam
1893 1794 1982 1837 Dio
2000 1797 2066 1846 55,
2088 1797 2126 1839 6.

410 1862 464 1906 A.
498 1863 578 1905 747
619 1862 732 1905 ludis
768 1878 845 1918 pro
877 1862 1020 1905 reditu
1049 1862 1238 1925 Apgusti
1270 1863 1396 1905 editis
1427 1863 1643 1919 praesidet
1666 1862 1754 1906 Dio
1773 1865 1838 1913 55,
1861 1865 1901 1905 8.
1958 1862 2014 1905 Α.
2045 1862 2128 1906 749

410 1930 454 1972 in
484 1929 623 1973 forum
656 1931 865 1974 deductus
895 1931 950 1974 ab
979 1931 1178 1986 Augusto
1217 1931 1519 1974 duodecimum
1562 1931 1736 1974 consule
1766 1931 1882 1975 διιεῖ.
1912 1930 2026 1986 Auy.
2055 1933 2125 1981 26,

410 1998 567 2041 Zonar.
597 2002 662 2049 10,
683 2002 748 2042 35.
793 1999 958 2041 Eodem
989 1999 1078 2041 fere
1109 2006 1313 2056 tempore,
1345 1999 1508 2043 scilicet
1534 2015 1692 2042 annum
1714 2001 1913 2057 quintum
1942 2005 1985 2042 et
2013 1998 2127 2041 deci-

409 2081 528 2108 mum
549 2080 691 2122 agens,
724 2067 873 2110 consul
895 2067 1157 2122 designatus,
1190 2074 1239 2110 ut
1267 2082 1364 2110 eum
1395 2069 1695 2124 magistratum
1725 2069 1853 2110 iniret
1881 2074 1979 2125 post
2003 2068 2127 2125 quin-

408 2136 644 2190 quennium
663 2150 770 2178 mon.
792 2136 951 2190 Aneyr.
974 2139 1012 2186 3,
1034 2139 1060 2177 1
1088 2135 1251 2191 (Graius
1274 2136 1411 2179 adhue
1429 2140 1726 2191 praetextatus
1756 2136 1899 2179 consul
1925 2139 1974 2179 ut
2003 2136 2126 2180 desti-

407 2207 584 2246 naretur
613 2204 816 2258 cupivisse
836 2204 1088 2259 Auyustum,
1118 2205 1251 2258 refert
1275 2205 1373 2247 Tae.
1397 2219 1436 2247 a.
1461 2209 1499 2256 1,
1520 2208 1560 2256 3,
1592 2206 1646 2259 ef.
1669 2205 1906 2248 Mommsen
1931 2204 1990 2247 ad
2015 2218 2124 2247 mon.

408 2271 566 2326 Anoyr.
589 2287 638 2326 p.
658 2271 751 2326 53);
786 2271 934 2315 consul
965 2272 1215 2327 designatus
1246 2273 1362 2315 tituli
1387 2274 1525 2327 positi
1553 2274 1663 2316 inter
1693 2287 1826 2316 annos
1856 2276 1935 2316 749
1965 2276 2005 2316 et
2033 2275 2124 2324 754,

406 2343 453 2381 ut
481 2339 561 2382 XI
581 2343 689 2382 3040
710 2341 878 2394 positus
906 2355 945 2384 a.
971 2340 1103 2391 750l1,
1125 2345 1354 2395 praeterea
1384 2341 1452 2384 VI
1463 2344 1558 2384 897.
1603 2342 1746 2384 Locus
1777 2342 1889 2383 inter
1908 2348 2126 2384 senatores

408 2408 446 2448 ei
478 2407 674 2450 decretus
704 2423 813 2451 mon.
834 2408 992 2463 Aneyr.
1025 2409 1052 2451 l.
1085 2423 1132 2459 e.,
1164 2409 1252 2452 Dio
1282 2412 1348 2460 55,
1380 2413 1406 2452 9
1436 2410 1512 2464 (ad
1540 2424 1579 2452 a.
1602 2412 1696 2467 748)
1727 2411 1781 2464 ef.
1804 2410 2040 2453 Mommsen
2069 2409 2128 2452 ad

408 2490 515 2518 mon.
528 2475 687 2531 Aneyr.
700 2492 748 2531 p.
759 2479 824 2519 54.
856 2477 1065 2533 Princeps
1087 2478 1323 2537 iuventutis
1343 2477 1586 2534 appellatus
1606 2478 1661 2521 ab
1683 2478 1898 2535 equitibus
1920 2479 2124 2521 Romanis

407 2544 476 2594 ib„
509 2544 707 2587 Zonaras
727 2549 793 2596 10,
816 2548 869 2588 35
900 2546 954 2599 ef.
978 2545 1138 2587 Momi.··
1176 2546 1262 2593 1³2.
1287 2560 1319 2591 6.
1342 2561 1390 2601 p.
1412 2549 1477 2589 55.
1524 2546 1727 2588 Pontifex
1758 2546 1873 2589 tituli
1903 2545 1966 2599 (id
1987 2560 2126 2590 saeer-

409 2612 566 2653 dotium
605 2612 767 2655 videtur
804 2616 955 2655 nactus
984 2627 1070 2655 esse
1100 2607 1239 2655 effine'm-
1268 2614 1357 2668 fere
1388 2617 1569 2668 tempore
1599 2629 1678 2668 quo
1709 2614 1843 2657 locum
1869 2615 2126 2658 senatorium

408 2681 461 2733 ef.
483 2679 571 2722 Dio
590 2683 655 2730 55,
679 2684 716 2731 9,
737 2685 776 2732 4,
808 2684 916 2723 certe
943 2681 1095 2724 habuit
1122 2683 1211 2724 iam
1240 2697 1279 2724 a.
1304 2685 1382 2725 751
1402 2683 1457 2736 ef.
1479 2682 1559 2725 XI
1569 2682 1719 2737 3040);
1744 2682 1954 2739 pontifex,
1985 2696 2125 2738 augur

406 2748 518 2789 solus
549 2751 575 2792 t.
606 2748 1043 2804 Bracarauyustanus
1072 2751 1133 2792 II
1161 2754 1281 2794 2422
1321 2755 1480 2806 (errore
1513 2754 1561 2793 ut
1599 2750 1792 2805 videtur).
1851 2750 1906 2794 A.
1938 2751 2022 2795 750
2050 2751 2123 2794 ad-

407 2815 579 2858 hibetur
609 2817 663 2859 ab
692 2817 889 2872 Augusto
922 2818 1100 2860 consilio
1132 2818 1248 2874 quod
1287 2818 1436 2861 habuit
1467 2819 1521 2861 de
1560 2833 1694 2873 regno
1724 2819 1982 2862 Iudaeorum
2011 2818 2124 2862 ordi-

407 2883 550 2926 nando
581 2885 783 2940 Iosephus
812 2890 897 2930 ant.
929 2890 995 2936 17,
1018 2890 1056 2937 9,
1078 2890 1116 2936 5,
1151 2887 1242 2929 bell.
1273 2891 1317 2937 2,
1339 2891 1381 2937 2,
1403 2891 1442 2929 4.
1512 2888 1683 2929 Duovir
1722 2887 1818 2929 aedi
1858 2887 2123 2930 dedicandae

406 2952 619 2994 consulari
661 2960 872 3010 potestate
912 2970 997 2997 una
1038 2969 1135 2997 cum
1165 2955 1299 2997 fratre
1329 2955 1466 2998 Lucio
1496 2955 1585 2998 Dio
1608 2958 1674 3006 55,
1696 2959 1749 2998 19
1780 2956 1851 3011 (cf.
1884 2955 2123 2999 Mommsen

408 3020 593 3063 Staatsr.
616 3022 675 3064 II
679 3023 696 3046 2
709 3037 757 3076 p.
769 3025 881 3078 606).
926 3024 1120 3066 Uxorem
1143 3022 1262 3065 ducit
1277 3023 1473 3065 Zonaras
1487 3026 1553 3073 10,
1575 3026 1642 3074 36,
1665 3022 1929 3079 (Claudiam)
1949 3023 2121 3066 Liviam

406 3087 590 3131 Neronis
627 3089 797 3132 Claudii
834 3091 969 3133 Drusi
1009 3090 1142 3133 filiam
1182 3091 1279 3133 Tae.
1312 3106 1352 3134 a.
1383 3095 1422 3142 4,
1452 3095 1519 3134 40.
1597 3092 1784 3148 Imperio
1824 3091 2120 3148 proconsulari
2183 3110 2188 3115 ·

404 3156 624 3211 praeditus
648 3159 845 3201 Zonaras
870 3159 895 3201 l.
919 3174 967 3210 e.,
998 3160 1183 3202 mittitur
1211 3159 1267 3202 ad
1293 3174 1361 3201 res
1383 3159 1571 3202 Orientis
1602 3159 1917 3216 componendas
1951 3160 2050 3205 Tac.
2077 3174 2117 3203 a.

404 3229 446 3274 2,
479 3229 559 3275 42,
603 3226 747 3268 adhuc
785 3226 934 3269 consul
975 3226 1223 3282 designatus
1264 3227 1380 3271 διιεῖ.
1414 3227 1526 3282 Auy.
1558 3231 1631 3279 64,
1673 3235 1838 3271 rectore
1877 3228 1937 3270 M.
1977 3227 2117 3272 Lollio

406 3292 504 3334 Vell.
539 3297 582 3343 2,
619 3298 716 3344 102,
752 3295 850 3337 Tae.
887 3310 929 3338 a.
960 3299 999 3345 3,
1031 3298 1096 3346 48,
1139 3295 1255 3338 διιεῖ.
1292 3295 1383 3339 Tib.
1414 3300 1472 3339 12
1512 3302 1554 3338 et
1596 3310 1695 3338 cum
1739 3296 1839 3338 huic
1883 3297 2117 3339 amicitiam

404 3361 689 3404 renuntiasset
714 3362 836 3405 Ptin.
857 3363 898 3408 h.
928 3378 969 3408 n.
999 3367 1038 3414 9,
1061 3366 1154 3414 118,
1187 3362 1378 3420 Sulpicio
1410 3363 1609 3418 Quirinio
1640 3364 1738 3407 Tae.
1761 3379 1800 3407 a.
1820 3367 1859 3416 3,
1879 3367 1947 3407 48.
1997 3365 2117 3407 Inter
