2202 3724
134 292 359 330 MINICIVS
997 286 1080 329 377
1719 292 1943 329 MINICIVS

218 423 268 466 de
296 424 375 466 vir.
406 423 466 466 ill.
498 423 523 466 l.
556 437 589 467 e.
623 424 677 478 cf.
709 424 907 466 Lactant.
939 422 966 466 l.
998 437 1056 473 e.‚
1093 423 1168 477 qui
1187 426 1416 477 praeterea
1445 437 1536 465 eum
1566 423 1780 478 dialoqum
1811 424 1944 466 citant

218 492 286 534 hie
315 493 412 535 inst.
435 492 516 534 div.
537 495 575 542 1,
597 496 662 542 11,
694 492 766 534 ille
786 507 848 546 ep.
873 495 937 542 70,
958 494 998 534 5.
1050 491 1141 534 Sub
1166 491 1357 534 eiusdem
1383 493 1555 534 nomine
1585 491 1805 534 ferebatur
1834 492 1945 535 liber

219 559 391 602 de'fato
421 559 490 602 vel
521 566 671 602 contra
701 560 1034 614 mathematicos,
1068 559 1144 602 sed
1174 561 1213 602 ei
1245 567 1420 616 propter
1445 559 1529 602 stili
1555 560 1847 603 diversitatem
1874 561 1945 604 ab·

219 627 476 670 iudicandus
498 628 782 682 Hieronymus
811 629 860 671 cle
887 629 966 670 vir.
988 628 1050 671 ill.
1073 628 1101 671 l.
1124 642 1156 671 e.
1180 629 1234 682 ef.
1257 629 1466 671 Harnaek
1489 628 1638 671 Gesch.
1661 628 1700 671 d.
1724 628 1945 672 altehristl.

218 697 322 740 Litt.
344 697 378 739 I
391 711 439 750 p.
461 699 545 739 647
562 694 811 750 (praeterea
829 700 1087 739 memoratur
1109 697 1331 739 Minucius
1352 698 1405 739 ab
1431 697 1686 750 Hieronymo
1709 711 1771 751 ep.
1791 700 1857 748 48,
1876 701 1944 740 13.

217 768 281 814 60,
303 768 370 815 10,
393 778 535 808 comm.
555 765 603 807 in
623 765 787 807 Isaiam
810 765 881 808 lib.
911 765 1032 808 VIII
1037 765 1214 820 praefi).
1255 765 1468 820 Dialoqus
1498 765 1571 807 ille
1602 765 1659 807 ad
1683 779 1759 807 nos
1788 780 1946 820 quoque

215 834 419 887 pervenit,
440 833 514 875 sed
530 833 622 875 sine
643 835 830 876 auctoris
848 835 1133 888 inscriptione,
1157 834 1344 876 adiectus
1364 834 1423 876 ad
1440 837 1593 888 septem
1615 834 1746 876 libros
1760 834 1947 877 Arnobii

218 901 268 943 de
281 902 528 947 nationibus
545 905 758 955 tamquam
777 906 956 953 octavus,
972 916 1068 944 vero
1086 903 1253 944 auctori
1265 903 1483 944 restitutus
1495 902 1657 944 demum
1673 917 1701 944 a
1712 903 1943 947 BalcluinO.

220 970 417 1024 Scriptus
446 973 506 1012 est
533 970 715 1024 fortasse
745 971 861 1012 cirea
891 974 1080 1025 tempora
1106 970 1362 1013 Caraeallae
1382 971 1453 1025 (ef.
1476 984 1581 1024 quae
1606 973 1779 1025 eoeposui
1796 971 1943 1015 Herm.

217 1042 269 1080 15
291 1053 339 1093 p.
359 1042 440 1081 471
461 1039 585 1092 seq.);
614 1041 712 1080 sunt
730 1039 806 1092 qui
831 1039 1086 1093 temporibus
1106 1039 1295 1081 clivorum
1325 1040 1511 1093 fratrum
1533 1039 1774 1094 (Baehrens
1796 1040 1941 1093 praef.

217 1106 275 1148 acl
304 1106 543 1149 Minucium
567 1121 612 1160 p.
645 1106 771 1160 VH),
810 1110 908 1148 sunt
935 1107 1008 1160 qui
1035 1107 1172 1160 paulo
1212 1111 1310 1149 ante
1349 1121 1507 1149 annum
1534 1110 1621 1150 248
1661 1107 1875 1161 (lialoqum
1916 1122 1943 1149 a

217 1176 413 1218 Minucio
452 1175 608 1218 editum
647 1188 732 1217 esse
763 1178 922 1229 putant
966 1175 1213 1230 (Neumann
1254 1175 1293 1217 (l.
1332 1190 1459 1220 roem.
1492 1175 1621 1218 Staat
1658 1190 1700 1218 u.
1732 1176 1799 1218 (lie.
1841 1176 1940 1230 allq.

216 1243 380 1286 Kirehe
408 1244 443 1286 I
458 1258 505 1297 p.
526 1247 612 1286 241
639 1246 726 1287 not.
748 1246 786 1293 6,
808 1257 858 1297 p.
879 1246 963 1286 251
994 1247 1079 1288 not.
1103 1247 1159 1300 3).

130 1313 214 1355 433
245 1319 286 1355 C.
330 1318 558 1353 MINICIVS
606 1317 876 1353 FVNDANVS
927 1312 1004 1366 (sie
1045 1312 1172 1366 plene
1220 1312 1449 1354 mentiones
1498 1312 1742 1355 consulatus
1791 1327 1942 1364 omnes,

213 1395 250 1422 v.
280 1381 422 1434 infra,
464 1379 668 1422 Minicius
705 1379 942 1422 Fundanus
983 1380 1124 1422 Plinii
1162 1380 1290 1423 codex
1327 1380 1762 1423 Ashburnhamianus
1799 1383 1846 1424 in
1880 1383 1945 1424 in-

214 1450 442 1503 scriptione
471 1462 531 1503 ep.
560 1452 600 1499 4,
631 1451 697 1499 15,
726 1449 944 1491 Minucius
976 1449 1214 1491 Fundanus
1246 1453 1436 1491 auctores
1467 1450 1691 1504 epistulam
1722 1449 1946 1492 Hadriani

212 1518 451 1572 reserenteS,
484 1517 693 1559 Minutius
725 1517 960 1559 Fundanus
983 1517 1124 1559 Plinii
1150 1517 1310 1559 codices
1338 1517 1386 1559 F
1389 1517 1621 1560 lorentinus
1653 1521 1691 1559 et
1720 1518 1944 1560 Ashburn-

214 1585 441 1628 hamianus
467 1586 512 1627 in
537 1586 811 1640 inscriptione
834 1586 1038 1640 epistulae
1061 1591 1099 1637 1,
1121 1590 1172 1636 9‚·
1200 1587 1442 1641 eoqnomine
1465 1587 1555 1629 solo
1573 1590 1750 1629 utuntur
1771 1587 1946 1629 Plinius

215 1669 277 1709 ep.
309 1657 348 1705 5,
381 1657 434 1696 16
473 1657 512 1696 et
542 1653 834 1708 Plutarchus).
896 1654 1177 1697 Consulatum
1219 1656 1255 1696 ei
1299 1655 1559 1697 destinatum
1601 1655 1738 1697 credit
1778 1655 1944 1698 Plinius

215 1737 276 1777 ep.
298 1726 337 1772 4,
362 1725 422 1772 15,
443 1725 483 1764 5.
520 1721 680 1764 Consul
702 1723 798 1765 suff.
821 1738 908 1765 una
928 1738 1025 1765 cum
1047 1723 1096 1767 C.
1122 1723 1355 1765 Vettennio
1378 1723 1540 1766 Severo
1562 1739 1600 1765 a.
1628 1724 1707 1766 107
1731 1723 1832 1777 dipl.
1854 1724 1942 1766 mil.

215 1791 322 1846 (III
335 1805 380 1845 p.
413 1794 525 1845 867),
556 1806 703 1832 mense
728 1792 826 1834 Iun.
858 1791 958 1846 dipl.
992 1792 1093 1841 mil„
1137 1793 1236 1834 item
1274 1807 1421 1834 mense
1455 1792 1570 1847 Aug.
1616 1793 1675 1835 VI
1705 1796 1809 1842 630‚·
1838 1793 1946 1846 fasti

214 1860 423 1913 seriarum
463 1860 722 1901 Latinarum
761 1859 898 1915 (CIL.
930 1860 963 1902 I
985 1860 1047 1902 ecl.
1073 1864 1105 1903 2
1138 1875 1186 1914 p.
1216 1859 1297 1914 59).
1372 1860 1612 1902 Proconsul
1652 1860 1805 1913 Asiae,
1851 1876 1943 1902 suc-

215 1943 359 1970 cessor
404 1929 447 1969 in
491 1942 541 1970 eo
583 1943 762 1970 munere
805 1928 858 1981 Q.
904 1928 1059 1970 Licinii
1107 1928 1272 1971 Silvani
1321 1929 1530 1972 Graniani
1579 1928 1728 1983 (supra
1774 1930 1812 1970 L
1849 1928 1944 1975 170)

215 1996 397 2051 epistula
426 1996 485 2038 ad
508 2011 600 2039 eum
629 1997 855 2039 Hadriani
883 1997 1021 2039 relata
1052 2012 1079 2038 a
1109 1998 1276 2039 Iustino
1308 1997 1418 2051 apol.
1451 2001 1490 2048 1,
1522 2000 1588 2047 68,
1619 1999 1799 2051 repetita
1831 1997 1947 2051 apud

213 2065 446 2108 Eusebium
466 2064 562 2107 hist.
585 2065 680 2107 ecel.
701 2069 741 2116 4,
764 2069 802 2120 9,
824 2068 1058 2108 memorata
1079 2066 1133 2108 ab
1160 2065 1299 2108 eodem
1320 2067 1365 2107 in
1393 2066 1589 2108 chronico
1609 2066 1728 2121 (vers.
1752 2066 1941 2115 Armen.‚

213 2134 390 2176 Hieron.
412 2147 452 2176 a.
473 2133 581 2176 Abr.
602 2137 742 2184 2142;
773 2133 953 2188 Syneell.
978 2148 1025 2188 p.
1047 2133 1143 2187 658)
1174 2137 1214 2176 et
1243 2134 1296 2175 ab
1327 2134 1476 2176 Orosio
1501 2138 1536 2183 7,
1559 2137 1611 2176 13
1641 2137 1680 2175 et
1710 2148 1736 2175 a
1768 2134 1943 2176 Zonara

212 2205 277 2253 11,
299 2205 369 2245 24.
414 2201 592 2244 Amicus
614 2201 743 2244 Plinii
766 2201 883 2245 Plin.
907 2217 967 2256 ep.
988 2205 1028 2252 5,
1050 2205 1115 2252 16,
1147 2203 1221 2258 qui
1248 2202 1301 2244 ad
1334 2217 1431 2243 eum
1464 2202 1584 2244 dedit
1614 2202 1821 2258 epistulas
1843 2207 1880 2253 1,
1902 2206 1940 2244 9.

212 2275 250 2321 4,
283 2274 346 2315 15.
387 2266 425 2321 6,
457 2273 494 2320 6,
537 2276 581 2312 et
621 2270 844 2312 Plutarchi
875 2272 947 2327 qui
987 2285 1084 2312 eum
1124 2278 1334 2312 memorat
1365 2260 1415 2312 (1ιὲ
1446 2274 1582 2324 tranq.
1615 2272 1751 2312 animi
1779 2285 1812 2313 e.
1845 2276 1869 2313 1
1902 2278 1944 2313 et

214 2339 381 2381 inducit
421 2338 555 2380 verba
598 2338 825 2380 facientem
871 2339 914 2380 in
956 2338 1126 2393 dialogo
1171 2338 1225 2380 de
1270 2339 1512 2380 cohibenda
1557 2340 1621 2380 ira
1660 2339 1796 2394 (Plut.
1836 2354 1940 2381 mor.

207 2421 256 2462 p.
284 2410 370 2449 452
393 2406 507 2460 seq).
558 2407 628 2448 Ex
659 2406 827 2449 duabus
858 2407 1027 2449 filiabus
1057 2408 1215 2449 amittit
1246 2409 1453 2449 minorem
1486 2407 1694 2449 infantem
1728 2407 1844 2451 Plin.
1877 2423 1938 2461 ep.

210 2478 249 2526 5,
271 2478 324 2518 16
334 2489 347 2527 ;
377 2476 430 2529 es.
462 2475 583 2529 infra
612 2476 688 2517 sub
723 2475 910 2517 Minicia
942 2475 1170 2519 Illareella.
1231 2476 1345 2518 Uxor
1374 2476 1557 2529 sortasse
1588 2476 1784 2518 Statoria
1815 2476 1941 2517 Mar-

212 2543 330 2594 cella,
353 2544 471 2585 euius
492 2544 554 2585 tit.
577 2543 826 2598 sepulcralis
857 2543 925 2586 VI
937 2546 1075 2587 16632
1102 2547 1293 2598 repertus
1324 2547 1384 2585 est
1411 2558 1500 2586 una
1530 2558 1622 2586 eum
1653 2543 1776 2585 titulo
1806 2544 1940 2598 sepul-

212 2613 322 2655 crali
349 2612 478 2667 filiae.

125 2682 210 2724 434
240 2686 480 2722 MINVCIVS
511 2686 811 2722 HONORATVS
842 2687 1145 2722 MARCELLVS
1175 2687 1488 2722 AEMILIANVS
1521 2679 1786 2722 clarissimus
1818 2695 1937 2736 puer,

213 2749 327 2792 filius
358 2748 570 2791 Aemiliae
602 2748 842 2803 Rogatillae
872 2749 1135 2791 clarissimae
1166 2749 1349 2791 feminae
1386 2752 1413 2791 t.
1444 2750 1636 2790 urbanus
1673 2748 1772 2790 bull.
1805 2762 1939 2790 eomu-

210 2818 309 2861 nale
338 2820 446 2860 1883
467 2832 514 2871 p.
537 2820 626 2860 217
650 2831 691 2861 n.
714 2820 807 2860 617.

126 2887 210 2929 435
242 2885 292 2929 C.
323 2886 524 2928 Minicius
555 2885 702 2929 Italus,
758 2886 912 2928 Tituli:
938 2885 1225 2939 Aquileiensis
1245 2886 1413 2939 positus
1445 2899 1555 2928 anno
1581 2888 1661 2927 105
1693 2884 1734 2927 V
1750 2887 1831 2926 875
1857 2883 1940 2938 (1),-

212 2954 533 2996 Aleoeandrinus
553 2954 642 2996 III
655 2954 701 2996 S.
724 2957 863 2997 12053
879 2974 933 2988 =
948 2954 1090 2996 Rev-ue
1110 2953 1225 2996 areli.
1248 2957 1358 2996 1893
1375 2954 1454 2996 vol.
1475 2957 1532 2997 21
1554 2969 1602 3007 p.
1617 2956 1702 2995 397
1720 2968 1760 2995 n.
1785 2956 1839 2994 91
1861 2952 1938 3006 (2).

213 3023 262 3066 O.
284 3022 314 3067 f.
337 3025 365 3064 t.
387 3025 424 3066 1.
440 3025 483 3065 2.
515 3021 653 3064 Tribu
673 3021 768 3064 Vel.
791 3025 819 3064 t.
836 3026 874 3064 1.
891 3025 934 3072 2,
959 3022 1119 3076 oriqiTne
1138 3023 1340 3064 nimirum
1351 3021 1650 3076 Aquileiensis.
1688 3020 1939 3063 Praefectus

213 3091 400 3133 cohortis
420 3090 596 3146 quintae
618 3089 843 3133 Gallorum
866 3090 1094 3146 equitatae,
1127 3089 1371 3146 praefectus
1403 3089 1589 3131 cohortis
1621 3090 1785 3145 primae
1806 3089 1939 3130 Breu-

213 3173 362 3201 corum
402 3159 619 3214 equitatae
654 3158 815 3200 civium
853 3159 1168 3212 Romanorum,
1210 3157 1454 3215 praefectus
1495 3157 1682 3199 cohortis
1725 3155 1939 3198 secundae

212 3226 564 3280 Varefianorum)
586 3227 813 3282 equitatae,
836 3226 1039 3268 tribunus
1059 3226 1242 3268 militum
1270 3226 1451 3281 legionis
1472 3232 1621 3267 sextae
1641 3225 1843 3267 Victricis
1865 3227 1892 3267 t.
1914 3227 1939 3265 1

211 3298 274 3353 (in
294 3299 322 3339 t.
341 3298 373 3338 2
393 3293 598 3349 pleraque
619 3293 827 3349 evanida),
855 3294 1097 3351 praefectus
1119 3295 1314 3350 equitum
1339 3293 1433 3335 alae
1463 3295 1626 3349 primae
1656 3291 1939 3346 singularium

211 3366 372 3408 civium
402 3363 717 3416 Romanorumr,
753 3362 877 3404 donis
907 3363 1091 3405 donatus
1115 3378 1142 3404 a
1166 3363 1432 3419 Vespasiano
1463 3376 1623 3404 corona
1652 3375 1787 3403 aurea
1817 3360 1940 3402 hasta
