<?xml version="1.0" encoding="UTF-8"?>
<!DOCTYPE html PUBLIC "-//W3C//DTD XHTML 1.0 Transitional//EN"
    "http://www.w3.org/TR/xhtml1/DTD/xhtml1-transitional.dtd">
<html xmlns="http://www.w3.org/1999/xhtml" xml:lang="en" lang="en">
 <head>
  <title>
</title>
<meta http-equiv="Content-Type" content="text/html;charset=utf-8" />
  <meta name='ocr-system' content='tesseract 3.04.00' />
  <meta name='ocr-capabilities' content='ocr_page ocr_carea ocr_par ocr_line ocrx_word'/>
</head>
<body>
  <div class='ocr_page' id='page_1' title='image "./prosopographiaim02akaduoft_0406.png"; bbox 0 0 2202 3724; ppageno 0'>
   <div class='ocr_carea' id='block_1_1' title="bbox 254 297 2058 342">
    <p class='ocr_par' dir='ltr' id='par_1_1' title="bbox 254 297 2058 342">
     <span class='ocr_line' id='line_1_1' title="bbox 254 297 2058 342; baseline -0.001 0"><span class='ocrx_word' id='word_1_1' title='bbox 254 306 519 342; x_wconf 87' lang='lat' dir='ltr'>MVSSIDIVS</span> <span class='ocrx_word' id='word_1_2' title='bbox 1118 297 1202 339; x_wconf 85' lang='grc'><em>394-</em></span> <span class='ocrx_word' id='word_1_3' title='bbox 1793 304 2058 341; x_wconf 82' lang='lat' dir='ltr'>MVSSIDIVS</span> 
     </span>
    </p>
   </div>
   <div class='ocr_carea' id='block_1_2' title="bbox 460 368 1340 373">
    <p class='ocr_par' dir='ltr' id='par_1_2' title="bbox 460 368 1340 373">
     <span class='ocr_line' id='line_1_2' title="bbox 460 368 1340 373; baseline 0 0"><span class='ocrx_word' id='word_1_4' title='bbox 460 368 1340 373; x_wconf 95' lang='lat' dir='ltr'><em> </em></span> 
     </span>
    </p>
   </div>
   <div class='ocr_carea' id='block_1_3' title="bbox 1891 368 2059 373">
    <p class='ocr_par' dir='ltr' id='par_1_3' title="bbox 1891 368 2059 373">
     <span class='ocr_line' id='line_1_3' title="bbox 1891 368 2059 373; baseline 0 0"><span class='ocrx_word' id='word_1_5' title='bbox 1891 368 2059 373; x_wconf 95' lang='lat' dir='ltr'><em> </em></span> 
     </span>
    </p>
   </div>
   <div class='ocr_carea' id='block_1_4' title="bbox 339 432 2082 1443">
    <p class='ocr_par' dir='ltr' id='par_1_4' title="bbox 339 432 2082 1443">
     <span class='ocr_line' id='line_1_4' title="bbox 341 432 2059 491; baseline -0.001 -12"><span class='ocrx_word' id='word_1_6' title='bbox 341 437 478 479; x_wconf 89' lang='lat' dir='ltr'><em>Roma</em></span> <span class='ocrx_word' id='word_1_7' title='bbox 517 435 666 491; x_wconf 87' lang='lat' dir='ltr'><em>pulsus</em></span> <span class='ocrx_word' id='word_1_8' title='bbox 707 450 744 476; x_wconf 87' lang='lat' dir='ltr'><em>a.</em></span> <span class='ocrx_word' id='word_1_9' title='bbox 776 434 829 477; x_wconf 88' lang='grc'><em>65</em></span> <span class='ocrx_word' id='word_1_10' title='bbox 874 434 971 476; x_wconf 84' lang='lat' dir='ltr'><em>Tac.</em></span> <span class='ocrx_word' id='word_1_11' title='bbox 1004 448 1043 477; x_wconf 88' lang='lat' dir='ltr'><em>a.</em></span> <span class='ocrx_word' id='word_1_12' title='bbox 1074 435 1148 483; x_wconf 90' lang='lat'><em>15,</em></span> <span class='ocrx_word' id='word_1_13' title='bbox 1183 436 1257 484; x_wconf 90' lang='lat'><em>71;</em></span> <span class='ocrx_word' id='word_1_14' title='bbox 1300 432 1389 475; x_wconf 89' lang='lat' dir='ltr'><em>Dio</em></span> <span class='ocrx_word' id='word_1_15' title='bbox 1425 435 1504 483; x_wconf 92' lang='grc'><em>62,</em></span> <span class='ocrx_word' id='word_1_16' title='bbox 1543 435 1604 476; x_wconf 85' lang='grc'><em>27</em></span> <span class='ocrx_word' id='word_1_17' title='bbox 1647 433 1729 488; x_wconf 89' lang='lat' dir='ltr'><em>(Io.</em></span> <span class='ocrx_word' id='word_1_18' title='bbox 1771 433 2059 477; x_wconf 86' lang='lat' dir='ltr'><em>Antiochenus</em></span> 
     </span>
     <span class='ocr_line' id='line_1_5' title="bbox 339 501 2061 559; baseline -0.001 -12"><span class='ocrx_word' id='word_1_19' title='bbox 339 507 394 559; x_wconf 79' lang='lat' dir='ltr'><em>fr.</em></span> <span class='ocrx_word' id='word_1_20' title='bbox 427 508 479 547; x_wconf 89' lang='lat'><em>90</em></span> <span class='ocrx_word' id='word_1_21' title='bbox 510 503 692 557; x_wconf 66' lang='lat' dir='ltr'><em>Muell),</em></span> <span class='ocrx_word' id='word_1_22' title='bbox 734 504 777 544; x_wconf 88' lang='lat' dir='ltr'><em>in</em></span> <span class='ocrx_word' id='word_1_23' title='bbox 809 504 1005 558; x_wconf 80' lang='lat' dir='ltr'><strong>Gyarum</strong></span> <span class='ocrx_word' id='word_1_24' title='bbox 1045 501 1240 556; x_wconf 86' lang='lat' dir='ltr'><em>insulam,</em></span> <span class='ocrx_word' id='word_1_25' title='bbox 1283 501 1355 543; x_wconf 86' lang='lat' dir='ltr'><em>ubi</em></span> <span class='ocrx_word' id='word_1_26' title='bbox 1385 501 1546 543; x_wconf 90' lang='lat' dir='ltr'><em>fontem</em></span> <span class='ocrx_word' id='word_1_27' title='bbox 1576 502 1743 544; x_wconf 87' lang='lat' dir='ltr'><em>invenit</em></span> <span class='ocrx_word' id='word_1_28' title='bbox 1771 502 2061 546; x_wconf 76' lang='lat' dir='ltr'><em>Philostratus</em></span> 
     </span>
     <span class='ocr_line' id='line_1_6' title="bbox 339 569 2061 626; baseline -0.001 -12"><span class='ocrx_word' id='word_1_29' title='bbox 339 574 410 614; x_wconf 81' lang='lat' dir='ltr'><em>vit.</em></span> <span class='ocrx_word' id='word_1_30' title='bbox 441 571 582 626; x_wconf 84' lang='lat' dir='ltr'><em>Apoll.</em></span> <span class='ocrx_word' id='word_1_31' title='bbox 614 574 651 621; x_wconf 93' lang='lat'><strong><em>7,</em></strong></span> <span class='ocrx_word' id='word_1_32' title='bbox 683 574 748 620; x_wconf 85' lang='lat'><strong><em>16,</em></strong></span> <span class='ocrx_word' id='word_1_33' title='bbox 782 571 836 623; x_wconf 83' lang='lat' dir='ltr'><em>cf.</em></span> <span class='ocrx_word' id='word_1_34' title='bbox 872 569 1071 612; x_wconf 92' lang='lat' dir='ltr'><em>Iulianus</em></span> <span class='ocrx_word' id='word_1_35' title='bbox 1111 570 1158 611; x_wconf 91' lang='lat' dir='ltr'><em>in</em></span> <span class='ocrx_word' id='word_1_36' title='bbox 1197 569 1379 623; x_wconf 83' lang='lat' dir='ltr'><em>epistula</em></span> <span class='ocrx_word' id='word_1_37' title='bbox 1409 569 1535 623; x_wconf 90' lang='lat' dir='ltr'><em>plene</em></span> <span class='ocrx_word' id='word_1_38' title='bbox 1573 584 1708 624; x_wconf 92' lang='lat' dir='ltr'><em>nuper</em></span> <span class='ocrx_word' id='word_1_39' title='bbox 1746 569 1909 612; x_wconf 86' lang='lat' dir='ltr'><em>demum</em></span> <span class='ocrx_word' id='word_1_40' title='bbox 1946 571 2061 613; x_wconf 89' lang='lat' dir='ltr'><em>edita</em></span> 
     </span>
     <span class='ocr_line' id='line_1_7' title="bbox 341 636 2062 695; baseline 0.001 -14"><span class='ocrx_word' id='word_1_41' title='bbox 341 645 461 695; x_wconf 86' lang='lat' dir='ltr'><em>(mus.</em></span> <span class='ocrx_word' id='word_1_42' title='bbox 484 639 619 682; x_wconf 84' lang='lat' dir='ltr'><em>Rhen.</em></span> <span class='ocrx_word' id='word_1_43' title='bbox 639 642 710 689; x_wconf 90' lang='grc'><em>42,</em></span> <span class='ocrx_word' id='word_1_44' title='bbox 733 641 845 680; x_wconf 91' lang='grc'><em>1887</em></span> <span class='ocrx_word' id='word_1_45' title='bbox 862 652 911 692; x_wconf 90' lang='lat' dir='ltr'><em>p.</em></span> <span class='ocrx_word' id='word_1_46' title='bbox 932 637 1022 691; x_wconf 85' lang='grc'><em>24),</em></span> <span class='ocrx_word' id='word_1_47' title='bbox 1053 637 1163 679; x_wconf 91' lang='lat' dir='ltr'><em>male</em></span> <span class='ocrx_word' id='word_1_48' title='bbox 1193 640 1388 691; x_wconf 81' lang='lat' dir='ltr'><em>excerpta</em></span> <span class='ocrx_word' id='word_1_49' title='bbox 1418 651 1487 691; x_wconf 90' lang='lat' dir='ltr'><em>ap.</em></span> <span class='ocrx_word' id='word_1_50' title='bbox 1510 636 1692 680; x_wconf 80' lang='lat' dir='ltr'><em>Suidam</em></span> <span class='ocrx_word' id='word_1_51' title='bbox 1710 651 1743 680; x_wconf 91' lang='lat' dir='ltr'><em>s.</em></span> <span class='ocrx_word' id='word_1_52' title='bbox 1769 651 1805 680; x_wconf 83' lang='lat' dir='ltr'><em>v.</em></span> <span class='ocrx_word' id='word_1_53' title='bbox 1827 637 2062 686; x_wconf 84' lang='grc' dir='ltr'><strong>Μουσώνιος</strong></span> 
     </span>
     <span class='ocr_line' id='line_1_8' title="bbox 342 704 2062 762; baseline 0 -12"><span class='ocrx_word' id='word_1_54' title='bbox 342 708 574 753; x_wconf 81' lang='grc' dir='ltr'>Καπίτωνος</span> <span class='ocrx_word' id='word_1_55' title='bbox 603 710 642 748; x_wconf 93' lang='lat' dir='ltr'><em>et</em></span> <span class='ocrx_word' id='word_1_56' title='bbox 669 720 701 748; x_wconf 87' lang='lat' dir='ltr'><em>s.</em></span> <span class='ocrx_word' id='word_1_57' title='bbox 731 720 767 748; x_wconf 83' lang='lat' dir='ltr'><em>v.</em></span> <span class='ocrx_word' id='word_1_58' title='bbox 800 704 943 762; x_wconf 83' lang='grc' dir='ltr'><strong>Βάρεις</strong></span> <span class='ocrx_word' id='word_1_59' title='bbox 973 705 1189 761; x_wconf 89' lang='lat' dir='ltr'><em>(Iulianus</em></span> <span class='ocrx_word' id='word_1_60' title='bbox 1217 706 1271 759; x_wconf 83' lang='lat' dir='ltr'><em>fr.</em></span> <span class='ocrx_word' id='word_1_61' title='bbox 1294 720 1341 759; x_wconf 90' lang='lat' dir='ltr'><em>p.</em></span> <span class='ocrx_word' id='word_1_62' title='bbox 1373 708 1455 748; x_wconf 89' lang='grc'><em>608</em></span> <span class='ocrx_word' id='word_1_63' title='bbox 1483 705 1652 759; x_wconf 73' lang='lat' dir='ltr'><em>Hertl).</em></span> <span class='ocrx_word' id='word_1_64' title='bbox 1711 705 1923 748; x_wconf 83' lang='lat' dir='ltr'><strong>Isthmum</strong></span> <span class='ocrx_word' id='word_1_65' title='bbox 1952 706 2062 750; x_wconf 84' lang='lat' dir='ltr'><em>fodit</em></span> 
     </span>
     <span class='ocr_line' id='line_1_9' title="bbox 344 764 2060 825; baseline 0.001 -8"><span class='ocrx_word' id='word_1_66' title='bbox 344 778 462 817; x_wconf 87' lang='lat' dir='ltr'><em>iussu</em></span> <span class='ocrx_word' id='word_1_67' title='bbox 493 775 677 816; x_wconf 87' lang='lat' dir='ltr'><em>Neronis</em></span> <span class='ocrx_word' id='word_1_68' title='bbox 708 789 804 816; x_wconf 91' lang='lat' dir='ltr'><em>cum</em></span> <span class='ocrx_word' id='word_1_69' title='bbox 835 764 929 815; x_wconf 82' lang='lat' dir='ltr'><em>aliis</em></span> <span class='ocrx_word' id='word_1_70' title='bbox 960 773 1174 815; x_wconf 86' lang='lat' dir='ltr'><em>damnatis</em></span> <span class='ocrx_word' id='word_1_71' title='bbox 1201 773 1493 816; x_wconf 76' lang='lat' dir='ltr'><em>Philostratus</em></span> <span class='ocrx_word' id='word_1_72' title='bbox 1518 774 1576 816; x_wconf 88' lang='lat' dir='ltr'><em>ib.</em></span> <span class='ocrx_word' id='word_1_73' title='bbox 1596 776 1635 824; x_wconf 89' lang='grc'><em>5,</em></span> <span class='ocrx_word' id='word_1_74' title='bbox 1657 776 1736 825; x_wconf 82' lang='grc'><em>19;</em></span> <span class='ocrx_word' id='word_1_75' title='bbox 1762 774 1956 818; x_wconf 66' lang='lat' dir='ltr'><em>[luciano</em></span> <span class='ocrx_word' id='word_1_76' title='bbox 1985 775 2060 818; x_wconf 80' lang='lat' dir='ltr'><em>ad-</em></span> 
     </span>
     <span class='ocr_line' id='line_1_10' title="bbox 339 841 2082 897; baseline -0.001 -11"><span class='ocrx_word' id='word_1_77' title='bbox 339 845 521 897; x_wconf 85' lang='lat' dir='ltr'><em>scriptus</em></span> <span class='ocrx_word' id='word_1_78' title='bbox 563 842 756 896; x_wconf 74' lang='lat' dir='ltr'><em>dialoyus</em></span> <span class='ocrx_word' id='word_1_79' title='bbox 799 842 915 884; x_wconf 89' lang='lat' dir='ltr'><em>Nero</em></span> <span class='ocrx_word' id='word_1_80' title='bbox 956 842 1042 883; x_wconf 83' lang='lat' dir='ltr'><em>sive</em></span> <span class='ocrx_word' id='word_1_81' title='bbox 1081 841 1131 883; x_wconf 92' lang='lat' dir='ltr'><em>de</em></span> <span class='ocrx_word' id='word_1_82' title='bbox 1169 842 1353 895; x_wconf 83' lang='lat' dir='ltr'><em>fossione</em></span> <span class='ocrx_word' id='word_1_83' title='bbox 1391 841 1568 893; x_wconf 89' lang='lat' dir='ltr'><em>Isthmi,·</em></span> <span class='ocrx_word' id='word_1_84' title='bbox 1608 843 1654 883; x_wconf 90' lang='lat' dir='ltr'><em>in</em></span> <span class='ocrx_word' id='word_1_85' title='bbox 1693 842 1932 884; x_wconf 83' lang='lat' dir='ltr'><em>custodiam</em></span> <span class='ocrx_word' id='word_1_86' title='bbox 1963 857 2082 894; x_wconf 71' lang='lat' dir='ltr'><em>con·⁴</em></span> 
     </span>
     <span class='ocr_line' id='line_1_11' title="bbox 340 908 2062 966; baseline 0 -13"><span class='ocrx_word' id='word_1_87' title='bbox 340 913 475 953; x_wconf 87' lang='lat' dir='ltr'><em>iectus</em></span> <span class='ocrx_word' id='word_1_88' title='bbox 507 926 533 952; x_wconf 89' lang='lat' dir='ltr'><em>a</em></span> <span class='ocrx_word' id='word_1_89' title='bbox 562 911 756 960; x_wconf 82' lang='lat' dir='ltr'><em>Nerone,</em></span> <span class='ocrx_word' id='word_1_90' title='bbox 793 924 848 951; x_wconf 86' lang='lat' dir='ltr'><em>ex</em></span> <span class='ocrx_word' id='word_1_91' title='bbox 879 924 966 966; x_wconf 88' lang='lat' dir='ltr'><em>qua</em></span> <span class='ocrx_word' id='word_1_92' title='bbox 996 924 1095 951; x_wconf 90' lang='lat' dir='ltr'><em>cum</em></span> <span class='ocrx_word' id='word_1_93' title='bbox 1124 908 1355 966; x_wconf 89' lang='lat' dir='ltr'><em>Apollonio</em></span> <span class='ocrx_word' id='word_1_94' title='bbox 1386 909 1606 965; x_wconf 88' lang='lat' dir='ltr'><em>Tyanensi</em></span> <span class='ocrx_word' id='word_1_95' title='bbox 1637 910 1920 966; x_wconf 81' lang='lat' dir='ltr'><em>epistularum</em></span> <span class='ocrx_word' id='word_1_96' title='bbox 1949 925 2062 953; x_wconf 87' lang='lat' dir='ltr'><em>com-</em></span> 
     </span>
     <span class='ocr_line' id='line_1_12' title="bbox 341 978 2065 1032; baseline 0.001 -11"><span class='ocrx_word' id='word_1_97' title='bbox 341 980 548 1021; x_wconf 81' lang='lat' dir='ltr'><em>mercium</em></span> <span class='ocrx_word' id='word_1_98' title='bbox 570 978 722 1021; x_wconf 80' lang='lat' dir='ltr'><em>habuit</em></span> <span class='ocrx_word' id='word_1_99' title='bbox 742 978 1036 1020; x_wconf 80' lang='lat' dir='ltr'><em>Philostratus</em></span> <span class='ocrx_word' id='word_1_100' title='bbox 1056 979 1112 1020; x_wconf 89' lang='lat' dir='ltr'><em>ib.</em></span> <span class='ocrx_word' id='word_1_101' title='bbox 1129 982 1167 1028; x_wconf 89' lang='lat'><strong><em>4,</em></strong></span> <span class='ocrx_word' id='word_1_102' title='bbox 1183 980 1249 1021; x_wconf 91' lang='lat'><strong><em>35.</em></strong></span> <span class='ocrx_word' id='word_1_103' title='bbox 1269 981 1324 1020; x_wconf 88' lang='lat'><em>46</em></span> <span class='ocrx_word' id='word_1_104' title='bbox 1330 991 1343 1029; x_wconf 92' lang='lat'><strong><em>,·</em></strong></span> <span class='ocrx_word' id='word_1_105' title='bbox 1364 981 1593 1032; x_wconf 88' lang='lat' dir='ltr'><em>practerea</em></span> <span class='ocrx_word' id='word_1_106' title='bbox 1613 980 1853 1021; x_wconf 81' lang='lat' dir='ltr'><em>constantia</em></span> <span class='ocrx_word' id='word_1_107' title='bbox 1869 979 2065 1022; x_wconf 86' lang='lat' dir='ltr'><em>Musonii</em></span> 
     </span>
     <span class='ocr_line' id='line_1_13' title="bbox 339 1046 2061 1102; baseline 0 -12"><span class='ocrx_word' id='word_1_108' title='bbox 339 1049 384 1090; x_wconf 83' lang='lat' dir='ltr'><em>in</em></span> <span class='ocrx_word' id='word_1_109' title='bbox 415 1047 540 1090; x_wconf 71' lang='lat' dir='ltr'><em>exilio</em></span> <span class='ocrx_word' id='word_1_110' title='bbox 570 1050 828 1091; x_wconf 85' lang='lat' dir='ltr'><em>memoratur</em></span> <span class='ocrx_word' id='word_1_111' title='bbox 848 1061 876 1088; x_wconf 92' lang='lat' dir='ltr'><em>a</em></span> <span class='ocrx_word' id='word_1_112' title='bbox 896 1047 1088 1088; x_wconf 72' lang='lat' dir='ltr'><em>[fuciano</em></span> <span class='ocrx_word' id='word_1_113' title='bbox 1109 1046 1325 1100; x_wconf 71' lang='lat' dir='ltr'><em>Pereqrin.</em></span> <span class='ocrx_word' id='word_1_114' title='bbox 1354 1059 1388 1087; x_wconf 81' lang='lat' dir='ltr'><em>c.</em></span> <span class='ocrx_word' id='word_1_115' title='bbox 1410 1048 1465 1088; x_wconf 91' lang='grc'><em>18</em></span> <span class='ocrx_word' id='word_1_116' title='bbox 1495 1049 1534 1088; x_wconf 90' lang='lat' dir='ltr'><em>et</em></span> <span class='ocrx_word' id='word_1_117' title='bbox 1564 1060 1592 1088; x_wconf 94' lang='lat' dir='ltr'><em>a</em></span> <span class='ocrx_word' id='word_1_118' title='bbox 1620 1046 1794 1089; x_wconf 90' lang='lat' dir='ltr'><em>Iuliano</em></span> <span class='ocrx_word' id='word_1_119' title='bbox 1814 1048 1860 1090; x_wconf 92' lang='lat' dir='ltr'><em>in</em></span> <span class='ocrx_word' id='word_1_120' title='bbox 1880 1047 2061 1102; x_wconf 84' lang='lat' dir='ltr'><em>epistula</em></span> 
     </span>
     <span class='ocr_line' id='line_1_14' title="bbox 342 1113 2062 1169; baseline 0 -11"><span class='ocrx_word' id='word_1_121' title='bbox 342 1116 399 1158; x_wconf 86' lang='lat' dir='ltr'><em>ad</em></span> <span class='ocrx_word' id='word_1_122' title='bbox 424 1115 716 1159; x_wconf 37' lang='lat' dir='ltr'><em>Themistium.</em></span> <span class='ocrx_word' id='word_1_123' title='bbox 721 1130 769 1169; x_wconf 90' lang='lat' dir='ltr'><em>p.</em></span> <span class='ocrx_word' id='word_1_124' title='bbox 793 1117 876 1158; x_wconf 87' lang='grc'><em>265</em></span> <span class='ocrx_word' id='word_1_125' title='bbox 899 1114 945 1157; x_wconf 79' lang='grc' dir='ltr'><em>Ο.</em></span> <span class='ocrx_word' id='word_1_126' title='bbox 966 1113 1191 1169; x_wconf 81' lang='lat' dir='ltr'><em>DSpanh.</em></span> <span class='ocrx_word' id='word_1_127' title='bbox 1236 1114 1415 1156; x_wconf 86' lang='lat' dir='ltr'><em>Romam</em></span> <span class='ocrx_word' id='word_1_128' title='bbox 1443 1128 1644 1157; x_wconf 85' lang='lat' dir='ltr'><em>reversus</em></span> <span class='ocrx_word' id='word_1_129' title='bbox 1675 1130 1712 1157; x_wconf 91' lang='lat' dir='ltr'><em>a.</em></span> <span class='ocrx_word' id='word_1_130' title='bbox 1735 1115 1790 1158; x_wconf 78' lang='lat'><em>69</em></span> <span class='ocrx_word' id='word_1_131' title='bbox 1820 1116 1934 1159; x_wconf 88' lang='lat' dir='ltr'><em>inter</em></span> <span class='ocrx_word' id='word_1_132' title='bbox 1959 1115 2062 1159; x_wconf 87' lang='lat' dir='ltr'><em>belli</em></span> 
     </span>
     <span class='ocr_line' id='line_1_15' title="bbox 342 1182 2059 1238; baseline 0.001 -12"><span class='ocrx_word' id='word_1_133' title='bbox 342 1183 483 1226; x_wconf 89' lang='lat' dir='ltr'><em>civilis</em></span> <span class='ocrx_word' id='word_1_134' title='bbox 529 1183 780 1225; x_wconf 89' lang='lat' dir='ltr'><em>discrimina</em></span> <span class='ocrx_word' id='word_1_135' title='bbox 823 1182 1124 1237; x_wconf 83' lang='lat' dir='ltr'><em>intempestive</em></span> <span class='ocrx_word' id='word_1_136' title='bbox 1169 1183 1421 1238; x_wconf 86' lang='lat' dir='ltr'><em>sapientiam</em></span> <span class='ocrx_word' id='word_1_137' title='bbox 1465 1189 1652 1225; x_wconf 85' lang='lat' dir='ltr'><em>ostentat</em></span> <span class='ocrx_word' id='word_1_138' title='bbox 1695 1183 1794 1226; x_wconf 82' lang='lat' dir='ltr'><em>Tae.</em></span> <span class='ocrx_word' id='word_1_139' title='bbox 1833 1183 1874 1226; x_wconf 88' lang='lat' dir='ltr'><em>h.</em></span> <span class='ocrx_word' id='word_1_140' title='bbox 1913 1187 1952 1235; x_wconf 85' lang='lat'><strong><em>3,</em></strong></span> <span class='ocrx_word' id='word_1_141' title='bbox 1991 1187 2059 1229; x_wconf 90' lang='grc'><em>81.</em></span> 
     </span>
     <span class='ocr_line' id='line_1_16' title="bbox 341 1249 2059 1303; baseline 0 -8"><span class='ocrx_word' id='word_1_142' title='bbox 341 1254 388 1295; x_wconf 90' lang='grc' dir='ltr'><em>Ρ.</em></span> <span class='ocrx_word' id='word_1_143' title='bbox 413 1251 609 1295; x_wconf 87' lang='lat' dir='ltr'><em>Celerem</em></span> <span class='ocrx_word' id='word_1_144' title='bbox 639 1257 814 1292; x_wconf 89' lang='lat' dir='ltr'><em>accusat</em></span> <span class='ocrx_word' id='word_1_145' title='bbox 844 1256 887 1292; x_wconf 92' lang='lat' dir='ltr'><em>et</em></span> <span class='ocrx_word' id='word_1_146' title='bbox 916 1249 1174 1292; x_wconf 80' lang='lat' dir='ltr'><em>condemnat</em></span> <span class='ocrx_word' id='word_1_147' title='bbox 1199 1251 1297 1293; x_wconf 85' lang='lat' dir='ltr'><em>Tac.</em></span> <span class='ocrx_word' id='word_1_148' title='bbox 1317 1250 1358 1295; x_wconf 91' lang='lat' dir='ltr'><em>h.</em></span> <span class='ocrx_word' id='word_1_149' title='bbox 1378 1254 1417 1301; x_wconf 90' lang='grc'><em>4,</em></span> <span class='ocrx_word' id='word_1_150' title='bbox 1439 1254 1505 1293; x_wconf 89' lang='lat'><em>10.</em></span> <span class='ocrx_word' id='word_1_151' title='bbox 1527 1254 1582 1293; x_wconf 88' lang='lat'><em>40</em></span> <span class='ocrx_word' id='word_1_152' title='bbox 1591 1264 1606 1303; x_wconf 90' lang='lat'><em>;</em></span> <span class='ocrx_word' id='word_1_153' title='bbox 1634 1251 1760 1293; x_wconf 84' lang='lat' dir='ltr'><em>schol.</em></span> <span class='ocrx_word' id='word_1_154' title='bbox 1786 1251 1845 1294; x_wconf 91' lang='lat' dir='ltr'><em>ad</em></span> <span class='ocrx_word' id='word_1_155' title='bbox 1869 1251 2059 1295; x_wconf 86' lang='lat' dir='ltr'><em>Iuvenal.</em></span> 
     </span>
     <span class='ocr_line' id='line_1_17' title="bbox 340 1318 2062 1376; baseline 0 -13"><span class='ocrx_word' id='word_1_156' title='bbox 340 1324 418 1363; x_wconf 81' lang='lat' dir='ltr'><em>sat.</em></span> <span class='ocrx_word' id='word_1_157' title='bbox 440 1324 478 1371; x_wconf 95' lang='lat'><strong><em>1,</em></strong></span> <span class='ocrx_word' id='word_1_158' title='bbox 499 1323 566 1362; x_wconf 91' lang='lat'><em>47.</em></span> <span class='ocrx_word' id='word_1_159' title='bbox 616 1318 890 1375; x_wconf 87' lang='lat' dir='ltr'><em>Philosophis</em></span> <span class='ocrx_word' id='word_1_160' title='bbox 921 1333 977 1360; x_wconf 87' lang='lat' dir='ltr'><em>ex</em></span> <span class='ocrx_word' id='word_1_161' title='bbox 1006 1318 1113 1361; x_wconf 88' lang='lat' dir='ltr'><em>urbe</em></span> <span class='ocrx_word' id='word_1_162' title='bbox 1143 1318 1278 1375; x_wconf 89' lang='lat' dir='ltr'><em>pulsis</em></span> <span class='ocrx_word' id='word_1_163' title='bbox 1309 1334 1348 1361; x_wconf 88' lang='lat' dir='ltr'><em>a.</em></span> <span class='ocrx_word' id='word_1_164' title='bbox 1367 1319 1414 1361; x_wconf 87' lang='lat'><em>71</em></span> <span class='ocrx_word' id='word_1_165' title='bbox 1441 1318 1667 1362; x_wconf 87' lang='lat' dir='ltr'><em>Musonius</em></span> <span class='ocrx_word' id='word_1_166' title='bbox 1697 1319 1812 1363; x_wconf 87' lang='lat' dir='ltr'><em>solus</em></span> <span class='ocrx_word' id='word_1_167' title='bbox 1843 1320 2062 1376; x_wconf 84' lang='lat' dir='ltr'><em>excipitur</em></span> 
     </span>
     <span class='ocr_line' id='line_1_18' title="bbox 339 1386 2062 1443; baseline 0 -12"><span class='ocrx_word' id='word_1_168' title='bbox 339 1389 428 1431; x_wconf 88' lang='lat' dir='ltr'><em>Dio</em></span> <span class='ocrx_word' id='word_1_169' title='bbox 447 1392 510 1439; x_wconf 87' lang='lat'><em>66,</em></span> <span class='ocrx_word' id='word_1_170' title='bbox 533 1391 585 1431; x_wconf 88' lang='lat'><em>13</em></span> <span class='ocrx_word' id='word_1_171' title='bbox 614 1408 670 1423; x_wconf 89' lang='lat'><strong><em>=</em></strong></span> <span class='ocrx_word' id='word_1_172' title='bbox 699 1387 804 1431; x_wconf 90' lang='lat' dir='ltr'><em>Zon.</em></span> <span class='ocrx_word' id='word_1_173' title='bbox 827 1390 891 1438; x_wconf 90' lang='lat'><strong><em>11,</em></strong></span> <span class='ocrx_word' id='word_1_174' title='bbox 913 1391 978 1438; x_wconf 93' lang='lat'><strong><em>17,</em></strong></span> <span class='ocrx_word' id='word_1_175' title='bbox 1010 1394 1159 1443; x_wconf 85' lang='lat' dir='ltr'><em>postea</em></span> <span class='ocrx_word' id='word_1_176' title='bbox 1189 1393 1332 1429; x_wconf 88' lang='lat' dir='ltr'><em>tamen</em></span> <span class='ocrx_word' id='word_1_177' title='bbox 1362 1386 1600 1442; x_wconf 88' lang='lat' dir='ltr'><em>relegatus,</em></span> <span class='ocrx_word' id='word_1_178' title='bbox 1632 1395 1859 1431; x_wconf 88' lang='lat' dir='ltr'><em>revocatus</em></span> <span class='ocrx_word' id='word_1_179' title='bbox 1889 1388 2062 1431; x_wconf 89' lang='lat' dir='ltr'><em>demum</em></span> 
     </span>
    </p>
   </div>
   <div class='ocr_carea' id='block_1_5' title="bbox 339 1456 2175 1512">
    <p class='ocr_par' dir='ltr' id='par_1_5' title="bbox 339 1456 2175 1512">
     <span class='ocr_line' id='line_1_19' title="bbox 339 1456 2175 1512; baseline 0.001 -14"><span class='ocrx_word' id='word_1_180' title='bbox 339 1472 365 1498; x_wconf 87' lang='lat' dir='ltr'><em>a</em></span> <span class='ocrx_word' id='word_1_181' title='bbox 394 1457 493 1499; x_wconf 88' lang='lat' dir='ltr'><em>Tito</em></span> <span class='ocrx_word' id='word_1_182' title='bbox 528 1456 812 1510; x_wconf 70' lang='lat' dir='ltr'><em>Hieronymus</em></span> <span class='ocrx_word' id='word_1_183' title='bbox 845 1469 878 1498; x_wconf 87' lang='lat' dir='ltr'><em>s.</em></span> <span class='ocrx_word' id='word_1_184' title='bbox 915 1470 955 1499; x_wconf 87' lang='lat' dir='ltr'><em>a.</em></span> <span class='ocrx_word' id='word_1_185' title='bbox 990 1458 1112 1499; x_wconf 88' lang='grc'><em>2095.</em></span> <span class='ocrx_word' id='word_1_186' title='bbox 1184 1456 1404 1499; x_wconf 83' lang='lat' dir='ltr'><em>Generum</em></span> <span class='ocrx_word' id='word_1_187' title='bbox 1444 1456 1528 1499; x_wconf 89' lang='lat' dir='ltr'><em>sibi</em></span> <span class='ocrx_word' id='word_1_188' title='bbox 1574 1456 1702 1512; x_wconf 84' lang='lat' dir='ltr'><em>elegit</em></span> <span class='ocrx_word' id='word_1_189' title='bbox 1737 1456 2064 1500; x_wconf 86' lang='lat' dir='ltr'><em>Artemidorum</em></span> <span class='ocrx_word' id='word_1_190' title='bbox 2143 1491 2175 1504; x_wconf 85' lang='grc'><em>,-</em></span> 
     </span>
    </p>
   </div>
   <div class='ocr_carea' id='block_1_6' title="bbox 220 1524 2066 3422">
    <p class='ocr_par' dir='ltr' id='par_1_6' title="bbox 339 1524 2064 1920">
     <span class='ocr_line' id='line_1_20' title="bbox 340 1524 2062 1581; baseline 0.002 -15"><span class='ocrx_word' id='word_1_191' title='bbox 340 1524 641 1581; x_wconf 89' lang='lat' dir='ltr'><em>philosophum</em></span> <span class='ocrx_word' id='word_1_192' title='bbox 657 1524 776 1566; x_wconf 76' lang='lat' dir='ltr'><em>Plin.</em></span> <span class='ocrx_word' id='word_1_193' title='bbox 798 1539 860 1579; x_wconf 89' lang='lat' dir='ltr'><em>ep.</em></span> <span class='ocrx_word' id='word_1_194' title='bbox 880 1527 919 1574; x_wconf 88' lang='grc'><em>3,</em></span> <span class='ocrx_word' id='word_1_195' title='bbox 941 1528 1006 1574; x_wconf 88' lang='grc'><em>11,</em></span> <span class='ocrx_word' id='word_1_196' title='bbox 1025 1527 1063 1567; x_wconf 87' lang='grc'><em>5.</em></span> <span class='ocrx_word' id='word_1_197' title='bbox 1083 1527 1120 1567; x_wconf 86' lang='grc'><em>7.</em></span> <span class='ocrx_word' id='word_1_198' title='bbox 1164 1524 1233 1566; x_wconf 86' lang='lat' dir='ltr'><em>Ex</em></span> <span class='ocrx_word' id='word_1_199' title='bbox 1262 1525 1445 1580; x_wconf 85' lang='lat' dir='ltr'><em>posteris</em></span> <span class='ocrx_word' id='word_1_200' title='bbox 1476 1525 1567 1566; x_wconf 88' lang='lat' dir='ltr'><em>eius</em></span> <span class='ocrx_word' id='word_1_201' title='bbox 1591 1525 1744 1567; x_wconf 87' lang='lat' dir='ltr'><em>Rufius</em></span> <span class='ocrx_word' id='word_1_202' title='bbox 1765 1525 1920 1568; x_wconf 86' lang='lat' dir='ltr'><em>Festus</em></span> <span class='ocrx_word' id='word_1_203' title='bbox 1947 1524 2062 1569; x_wconf 80' lang='lat' dir='ltr'><em>CIL.</em></span> 
     </span>
     <span class='ocr_line' id='line_1_21' title="bbox 344 1592 2064 1648; baseline 0 -12"><span class='ocrx_word' id='word_1_204' title='bbox 344 1594 412 1636; x_wconf 89' lang='lat' dir='ltr'><em>VI</em></span> <span class='ocrx_word' id='word_1_205' title='bbox 422 1596 515 1636; x_wconf 91' lang='lat'><strong><em>537.</em></strong></span> <span class='ocrx_word' id='word_1_206' title='bbox 560 1592 825 1634; x_wconf 88' lang='lat' dir='ltr'><em>Memoratur</em></span> <span class='ocrx_word' id='word_1_207' title='bbox 845 1592 1059 1634; x_wconf 74' lang='lat' dir='ltr'><em>Aristides</em></span> <span class='ocrx_word' id='word_1_208' title='bbox 1080 1606 1139 1634; x_wconf 88' lang='lat' dir='ltr'><em>or.</em></span> <span class='ocrx_word' id='word_1_209' title='bbox 1162 1592 1386 1634; x_wconf 88' lang='lat' dir='ltr'><strong><em>XXVIII</em></strong></span> <span class='ocrx_word' id='word_1_210' title='bbox 1409 1592 1459 1647; x_wconf 90' lang='lat' dir='ltr'><em>(I</em></span> <span class='ocrx_word' id='word_1_211' title='bbox 1472 1607 1520 1647; x_wconf 83' lang='lat' dir='ltr'><em>p.</em></span> <span class='ocrx_word' id='word_1_212' title='bbox 1541 1595 1620 1635; x_wconf 90' lang='lat'><em>551</em></span> <span class='ocrx_word' id='word_1_213' title='bbox 1649 1592 1876 1648; x_wconf 80' lang='lat' dir='ltr'><em>Dindorf).</em></span> <span class='ocrx_word' id='word_1_214' title='bbox 1929 1592 2064 1636; x_wconf 85' lang='lat' dir='ltr'><em>Dicta</em></span> 
     </span>
     <span class='ocr_line' id='line_1_22' title="bbox 339 1659 2063 1714; baseline 0 -10"><span class='ocrx_word' id='word_1_215' title='bbox 339 1663 427 1704; x_wconf 87' lang='lat' dir='ltr'><em>eius</em></span> <span class='ocrx_word' id='word_1_216' title='bbox 455 1664 744 1704; x_wconf 79' lang='lat' dir='ltr'><em>memorantur</em></span> <span class='ocrx_word' id='word_1_217' title='bbox 773 1660 865 1702; x_wconf 85' lang='lat' dir='ltr'><em>alia</em></span> <span class='ocrx_word' id='word_1_218' title='bbox 895 1675 922 1702; x_wconf 92' lang='lat' dir='ltr'><em>a</em></span> <span class='ocrx_word' id='word_1_219' title='bbox 949 1659 1088 1703; x_wconf 79' lang='lat' dir='ltr'><em>Gellio</em></span> <span class='ocrx_word' id='word_1_220' title='bbox 1117 1662 1156 1711; x_wconf 87' lang='lat'><em>5,</em></span> <span class='ocrx_word' id='word_1_221' title='bbox 1178 1663 1216 1710; x_wconf 91' lang='lat'><strong><em>1,</em></strong></span> <span class='ocrx_word' id='word_1_222' title='bbox 1240 1663 1279 1702; x_wconf 87' lang='lat'><em>1.</em></span> <span class='ocrx_word' id='word_1_223' title='bbox 1311 1663 1350 1711; x_wconf 88' lang='lat'><em>9,</em></span> <span class='ocrx_word' id='word_1_224' title='bbox 1371 1663 1416 1711; x_wconf 90' lang='grc'><em>2,</em></span> <span class='ocrx_word' id='word_1_225' title='bbox 1436 1662 1477 1702; x_wconf 91' lang='grc'><em>8.</em></span> <span class='ocrx_word' id='word_1_226' title='bbox 1507 1664 1572 1711; x_wconf 90' lang='grc'><em>16,</em></span> <span class='ocrx_word' id='word_1_227' title='bbox 1595 1664 1635 1711; x_wconf 90' lang='grc'><em>1,</em></span> <span class='ocrx_word' id='word_1_228' title='bbox 1657 1665 1697 1703; x_wconf 92' lang='grc'><em>1.</em></span> <span class='ocrx_word' id='word_1_229' title='bbox 1727 1663 1794 1712; x_wconf 91' lang='grc'><em>18,</em></span> <span class='ocrx_word' id='word_1_230' title='bbox 1815 1665 1859 1712; x_wconf 94' lang='grc'><em>2,</em></span> <span class='ocrx_word' id='word_1_231' title='bbox 1880 1665 1907 1705; x_wconf 91' lang='grc'><em>1</em></span> <span class='ocrx_word' id='word_1_232' title='bbox 1937 1660 2063 1714; x_wconf 87' lang='lat' dir='ltr'><em>(unde</em></span> 
     </span>
     <span class='ocr_line' id='line_1_23' title="bbox 340 1728 2062 1786; baseline 0.001 -14"><span class='ocrx_word' id='word_1_233' title='bbox 340 1730 537 1773; x_wconf 86' lang='lat' dir='ltr'><em>Macrob.</em></span> <span class='ocrx_word' id='word_1_234' title='bbox 568 1732 648 1771; x_wconf 86' lang='lat' dir='ltr'><em>sat.</em></span> <span class='ocrx_word' id='word_1_235' title='bbox 666 1732 703 1779; x_wconf 92' lang='lat'><strong><em>1,</em></strong></span> <span class='ocrx_word' id='word_1_236' title='bbox 730 1731 769 1779; x_wconf 87' lang='lat'><em>5,</em></span> <span class='ocrx_word' id='word_1_237' title='bbox 798 1730 885 1786; x_wconf 79' lang='lat'><strong><em>12),</em></strong></span> <span class='ocrx_word' id='word_1_238' title='bbox 918 1729 1009 1771; x_wconf 91' lang='lat' dir='ltr'><em>alia</em></span> <span class='ocrx_word' id='word_1_239' title='bbox 1044 1729 1097 1771; x_wconf 89' lang='lat' dir='ltr'><em>ab</em></span> <span class='ocrx_word' id='word_1_240' title='bbox 1127 1728 1321 1771; x_wconf 85' lang='lat' dir='ltr'><em>Arriano</em></span> <span class='ocrx_word' id='word_1_241' title='bbox 1346 1729 1392 1771; x_wconf 90' lang='lat' dir='ltr'><em>in</em></span> <span class='ocrx_word' id='word_1_242' title='bbox 1422 1728 1789 1772; x_wconf 80' lang='lat' dir='ltr'><em>dissertationibus</em></span> <span class='ocrx_word' id='word_1_243' title='bbox 1816 1730 2062 1785; x_wconf 59' lang='lat' dir='ltr'><em>Ispicteteis,</em></span> 
     </span>
     <span class='ocr_line' id='line_1_24' title="bbox 340 1796 2064 1851; baseline 0.001 -10"><span class='ocrx_word' id='word_1_244' title='bbox 340 1799 431 1841; x_wconf 91' lang='lat' dir='ltr'><em>alia</em></span> <span class='ocrx_word' id='word_1_245' title='bbox 470 1800 614 1841; x_wconf 64' lang='lat' dir='ltr'><em>entant</em></span> <span class='ocrx_word' id='word_1_246' title='bbox 655 1797 771 1851; x_wconf 91' lang='lat' dir='ltr'><em>apud</em></span> <span class='ocrx_word' id='word_1_247' title='bbox 808 1797 1036 1840; x_wconf 84' lang='lat' dir='ltr'><em>Stobaeum</em></span> <span class='ocrx_word' id='word_1_248' title='bbox 1076 1800 1115 1839; x_wconf 90' lang='lat' dir='ltr'><em>et</em></span> <span class='ocrx_word' id='word_1_249' title='bbox 1146 1796 1401 1839; x_wconf 83' lang='lat' dir='ltr'><em>Clementem</em></span> <span class='ocrx_word' id='word_1_250' title='bbox 1438 1797 1781 1840; x_wconf 80' lang='lat' dir='ltr'><em>Alexandrinum</em></span> <span class='ocrx_word' id='word_1_251' title='bbox 1820 1799 1993 1842; x_wconf 80' lang='lat' dir='ltr'><em>collecta</em></span> <span class='ocrx_word' id='word_1_252' title='bbox 2035 1813 2064 1842; x_wconf 92' lang='lat' dir='ltr'><em>a</em></span> 
     </span>
     <span class='ocr_line' id='line_1_25' title="bbox 347 1864 1710 1920; baseline 0.001 -11"><span class='ocrx_word' id='word_1_253' title='bbox 347 1866 583 1909; x_wconf 69' lang='lat' dir='ltr'><em>Venhuizen</em></span> <span class='ocrx_word' id='word_1_254' title='bbox 613 1865 864 1920; x_wconf 76' lang='lat' dir='ltr'><em>Peerlkamp</em></span> <span class='ocrx_word' id='word_1_255' title='bbox 900 1864 1076 1909; x_wconf 83' lang='lat' dir='ltr'><em>0.M.R.</em></span> <span class='ocrx_word' id='word_1_256' title='bbox 1106 1865 1311 1919; x_wconf 77' lang='lat' dir='ltr'><em>reliquiae</em></span> <span class='ocrx_word' id='word_1_257' title='bbox 1340 1865 1538 1920; x_wconf 87' lang='lat' dir='ltr'><em>(Harlem</em></span> <span class='ocrx_word' id='word_1_258' title='bbox 1566 1868 1710 1917; x_wconf 88' lang='grc'><em>1822).</em></span> 
     </span>
    </p>

    <p class='ocr_par' dir='ltr' id='par_1_7' title="bbox 254 1932 2066 2536">
     <span class='ocr_line' id='line_1_26' title="bbox 254 1932 2064 1991; baseline 0 -13"><span class='ocrx_word' id='word_1_259' title='bbox 254 1937 337 1978; x_wconf 90' lang='grc'><em>550</em></span> <span class='ocrx_word' id='word_1_260' title='bbox 368 1942 413 1977; x_wconf 90' lang='lat' dir='ltr'><em>L.</em></span> <span class='ocrx_word' id='word_1_261' title='bbox 448 1940 728 1985; x_wconf 85' lang='lat' dir='ltr'><strong><em>MVSSIDIVS,</em></strong></span> <span class='ocrx_word' id='word_1_262' title='bbox 760 1933 991 1990; x_wconf 89' lang='lat' dir='ltr'><em>proconsul</em></span> <span class='ocrx_word' id='word_1_263' title='bbox 1023 1932 1196 1977; x_wconf 87' lang='lat' dir='ltr'><em>Siciliae</em></span> <span class='ocrx_word' id='word_1_264' title='bbox 1223 1933 1304 1976; x_wconf 90' lang='lat' dir='ltr'><em>sub</em></span> <span class='ocrx_word' id='word_1_265' title='bbox 1333 1933 1532 1989; x_wconf 88' lang='lat' dir='ltr'><em>Augusto</em></span> <span class='ocrx_word' id='word_1_266' title='bbox 1561 1936 1723 1977; x_wconf 86' lang='lat' dir='ltr'><em>nummi</em></span> <span class='ocrx_word' id='word_1_267' title='bbox 1749 1935 1932 1989; x_wconf 82' lang='lat' dir='ltr'><em>fortasse</em></span> <span class='ocrx_word' id='word_1_268' title='bbox 1956 1935 2064 1991; x_wconf 78' lang='lat' dir='ltr'><em>Tyn-</em></span> 
     </span>
     <span class='ocr_line' id='line_1_27' title="bbox 340 2002 2064 2059; baseline 0.001 -14"><span class='ocrx_word' id='word_1_269' title='bbox 340 2004 636 2046; x_wconf 84' lang='lat' dir='ltr'><em>daritanorum</em></span> <span class='ocrx_word' id='word_1_270' title='bbox 657 2006 764 2044; x_wconf 87' lang='lat' dir='ltr'><em>certe</em></span> <span class='ocrx_word' id='word_1_271' title='bbox 786 2002 925 2045; x_wconf 82' lang='lat' dir='ltr'><em>Siculi</em></span> <span class='ocrx_word' id='word_1_272' title='bbox 943 2016 1035 2044; x_wconf 91' lang='lat' dir='ltr'><em>cum</em></span> <span class='ocrx_word' id='word_1_273' title='bbox 1057 2003 1193 2056; x_wconf 86' lang='lat' dir='ltr'><em>capite</em></span> <span class='ocrx_word' id='word_1_274' title='bbox 1212 2002 1400 2057; x_wconf 73' lang='lat' dir='ltr'><em>Auyusti</em></span> <span class='ocrx_word' id='word_1_275' title='bbox 1421 2002 1521 2058; x_wconf 90' lang='lat' dir='ltr'><em>(non</em></span> <span class='ocrx_word' id='word_1_276' title='bbox 1547 2003 1719 2053; x_wconf 84' lang='lat' dir='ltr'><em>Tiberii,</em></span> <span class='ocrx_word' id='word_1_277' title='bbox 1740 2006 1789 2045; x_wconf 92' lang='lat' dir='ltr'><em>ut</em></span> <span class='ocrx_word' id='word_1_278' title='bbox 1809 2003 1872 2045; x_wconf 89' lang='lat' dir='ltr'><em>ait</em></span> <span class='ocrx_word' id='word_1_279' title='bbox 1892 2002 2064 2059; x_wconf 85' lang='lat' dir='ltr'><em>C&#39;ohen),</em></span> 
     </span>
     <span class='ocr_line' id='line_1_28' title="bbox 340 2070 2063 2126; baseline 0.001 -13"><span class='ocrx_word' id='word_1_280' title='bbox 340 2073 386 2114; x_wconf 86' lang='lat' dir='ltr'><em>in</em></span> <span class='ocrx_word' id='word_1_281' title='bbox 405 2074 536 2126; x_wconf 88' lang='lat' dir='ltr'><em>parte</em></span> <span class='ocrx_word' id='word_1_282' title='bbox 567 2084 717 2113; x_wconf 88' lang='lat' dir='ltr'><em>aversa</em></span> <span class='ocrx_word' id='word_1_283' title='bbox 742 2071 989 2125; x_wconf 86' lang='lat' dir='ltr'><em>inscriptum</em></span> <span class='ocrx_word' id='word_1_284' title='bbox 1014 2070 1212 2113; x_wconf 85' lang='lat' dir='ltr'><em>habentes</em></span> <span class='ocrx_word' id='word_1_285' title='bbox 1245 2071 1296 2115; x_wconf 91' lang='lat' dir='ltr'><em>L.</em></span> <span class='ocrx_word' id='word_1_286' title='bbox 1331 2070 1529 2113; x_wconf 88' lang='lat' dir='ltr'><em>Mussidi.</em></span> <span class='ocrx_word' id='word_1_287' title='bbox 1567 2070 1767 2125; x_wconf 88' lang='lat' dir='ltr'><em>(Mussid.</em></span> <span class='ocrx_word' id='word_1_288' title='bbox 1799 2071 1864 2114; x_wconf 82' lang='lat' dir='ltr'><em>vel</em></span> <span class='ocrx_word' id='word_1_289' title='bbox 1893 2071 2063 2126; x_wconf 71' lang='lat' dir='ltr'><em>Musei.)</em></span> 
     </span>
     <span class='ocr_line' id='line_1_29' title="bbox 340 2138 2064 2197; baseline 0.001 -15"><span class='ocrx_word' id='word_1_290' title='bbox 340 2155 506 2197; x_wconf 88' lang='lat' dir='ltr'><em>procos.</em></span> <span class='ocrx_word' id='word_1_291' title='bbox 539 2138 620 2192; x_wconf 82' lang='lat' dir='ltr'><em>(vel</em></span> <span class='ocrx_word' id='word_1_292' title='bbox 648 2154 711 2195; x_wconf 90' lang='lat' dir='ltr'><em>pr.</em></span> <span class='ocrx_word' id='word_1_293' title='bbox 750 2138 868 2193; x_wconf 85' lang='lat' dir='ltr'><em>cos.),</em></span> <span class='ocrx_word' id='word_1_294' title='bbox 908 2153 976 2193; x_wconf 89' lang='lat' dir='ltr'><em>ap.</em></span> <span class='ocrx_word' id='word_1_295' title='bbox 1007 2138 1219 2194; x_wconf 65' lang='lat' dir='ltr'><em>Borghesi</em></span> <span class='ocrx_word' id='word_1_296' title='bbox 1247 2153 1340 2194; x_wconf 93' lang='lat' dir='ltr'><em>opp.</em></span> <span class='ocrx_word' id='word_1_297' title='bbox 1372 2139 1434 2182; x_wconf 94' lang='lat' dir='ltr'><em>II</em></span> <span class='ocrx_word' id='word_1_298' title='bbox 1454 2154 1503 2194; x_wconf 92' lang='lat' dir='ltr'><em>p.</em></span> <span class='ocrx_word' id='word_1_299' title='bbox 1534 2142 1632 2190; x_wconf 88' lang='grc'><em>452,</em></span> <span class='ocrx_word' id='word_1_300' title='bbox 1673 2140 1747 2193; x_wconf 77' lang='lat' dir='ltr'><em>qui</em></span> <span class='ocrx_word' id='word_1_301' title='bbox 1773 2139 1887 2183; x_wconf 91' lang='lat' dir='ltr'><em>solus</em></span> <span class='ocrx_word' id='word_1_302' title='bbox 1915 2154 2064 2183; x_wconf 87' lang='lat' dir='ltr'><em>nomen</em></span> 
     </span>
     <span class='ocr_line' id='line_1_30' title="bbox 340 2207 2062 2263; baseline 0.001 -13"><span class='ocrx_word' id='word_1_303' title='bbox 340 2208 647 2263; x_wconf 81' lang='lat' dir='ltr'><em>oppidanorum</em></span> <span class='ocrx_word' id='word_1_304' title='bbox 682 2207 727 2249; x_wconf 92' lang='lat' dir='ltr'><em>in</em></span> <span class='ocrx_word' id='word_1_305' title='bbox 766 2221 933 2249; x_wconf 89' lang='lat' dir='ltr'><em>nummo</em></span> <span class='ocrx_word' id='word_1_306' title='bbox 973 2208 1164 2262; x_wconf 71' lang='lat' dir='ltr'><em>aqnovit‚·</em></span> <span class='ocrx_word' id='word_1_307' title='bbox 1204 2207 1324 2250; x_wconf 78' lang='lat' dir='ltr'><em>Seott</em></span> <span class='ocrx_word' id='word_1_308' title='bbox 1358 2209 1550 2252; x_wconf 83' lang='lat' dir='ltr'><em>numism.</em></span> <span class='ocrx_word' id='word_1_309' title='bbox 1592 2208 1799 2251; x_wconf 85' lang='lat' dir='ltr'><em>chronicle</em></span> <span class='ocrx_word' id='word_1_310' title='bbox 1837 2211 1904 2259; x_wconf 92' lang='lat'><strong><em>17,</em></strong></span> <span class='ocrx_word' id='word_1_311' title='bbox 1941 2211 2062 2260; x_wconf 89' lang='grc'><em>1855,</em></span> 
     </span>
     <span class='ocr_line' id='line_1_31' title="bbox 333 2275 2065 2331; baseline 0.002 -14"><span class='ocrx_word' id='word_1_312' title='bbox 333 2292 378 2331; x_wconf 87' lang='lat' dir='ltr'><em>p.</em></span> <span class='ocrx_word' id='word_1_313' title='bbox 402 2279 511 2327; x_wconf 87' lang='grc'><em>218,’</em></span> <span class='ocrx_word' id='word_1_314' title='bbox 542 2275 678 2319; x_wconf 83' lang='lat' dir='ltr'><em>Cohen</em></span> <span class='ocrx_word' id='word_1_315' title='bbox 707 2289 815 2318; x_wconf 88' lang='lat' dir='ltr'><em>mon.</em></span> <span class='ocrx_word' id='word_1_316' title='bbox 837 2276 936 2330; x_wconf 87' lang='lat' dir='ltr'><em>imp.</em></span> <span class='ocrx_word' id='word_1_317' title='bbox 960 2275 1021 2318; x_wconf 85' lang='lat' dir='ltr'><em>ed.</em></span> <span class='ocrx_word' id='word_1_318' title='bbox 1043 2279 1075 2319; x_wconf 90' lang='grc'><em>2</em></span> <span class='ocrx_word' id='word_1_319' title='bbox 1096 2279 1122 2318; x_wconf 90' lang='lat' dir='ltr'><em>t.</em></span> <span class='ocrx_word' id='word_1_320' title='bbox 1145 2279 1171 2317; x_wconf 93' lang='lat'><strong><em>1</em></strong></span> <span class='ocrx_word' id='word_1_321' title='bbox 1183 2291 1230 2330; x_wconf 91' lang='lat' dir='ltr'><em>p.</em></span> <span class='ocrx_word' id='word_1_322' title='bbox 1252 2279 1337 2319; x_wconf 89' lang='grc'><em>206</em></span> <span class='ocrx_word' id='word_1_323' title='bbox 1355 2291 1396 2319; x_wconf 93' lang='lat' dir='ltr'><em>n.</em></span> <span class='ocrx_word' id='word_1_324' title='bbox 1411 2279 1493 2319; x_wconf 88' lang='lat'><em>194</em></span> <span class='ocrx_word' id='word_1_325' title='bbox 1522 2276 1614 2331; x_wconf 88' lang='lat' dir='ltr'><em>(ubi</em></span> <span class='ocrx_word' id='word_1_326' title='bbox 1640 2276 1750 2319; x_wconf 91' lang='lat' dir='ltr'><em>male</em></span> <span class='ocrx_word' id='word_1_327' title='bbox 1773 2290 1967 2320; x_wconf 89' lang='lat' dir='ltr'><em>nummus</em></span> <span class='ocrx_word' id='word_1_328' title='bbox 1987 2278 2065 2320; x_wconf 87' lang='lat' dir='ltr'><em>tri-</em></span> 
     </span>
     <span class='ocr_line' id='line_1_32' title="bbox 342 2343 2066 2396; baseline 0 -8"><span class='ocrx_word' id='word_1_329' title='bbox 342 2346 485 2388; x_wconf 83' lang='lat' dir='ltr'><em>buitur</em></span> <span class='ocrx_word' id='word_1_330' title='bbox 516 2343 753 2394; x_wconf 84' lang='lat' dir='ltr'><em>Corintho)‚·</em></span> <span class='ocrx_word' id='word_1_331' title='bbox 782 2343 1058 2387; x_wconf 70' lang='lat' dir='ltr'><em>Boutkowski</em></span> <span class='ocrx_word' id='word_1_332' title='bbox 1086 2344 1366 2387; x_wconf 86' lang='lat' dir='ltr'><em>dictionnaire</em></span> <span class='ocrx_word' id='word_1_333' title='bbox 1394 2346 1588 2387; x_wconf 89' lang='lat' dir='ltr'><em>numism.</em></span> <span class='ocrx_word' id='word_1_334' title='bbox 1619 2359 1660 2389; x_wconf 92' lang='lat' dir='ltr'><em>n.</em></span> <span class='ocrx_word' id='word_1_335' title='bbox 1690 2348 1811 2389; x_wconf 87' lang='grc'><em>2627</em></span> <span class='ocrx_word' id='word_1_336' title='bbox 1815 2358 1831 2396; x_wconf 92' lang='grc'><em>;</em></span> <span class='ocrx_word' id='word_1_337' title='bbox 1863 2344 2066 2388; x_wconf 86' lang='lat' dir='ltr'><em>Fabretti</em></span> 
     </span>
     <span class='ocr_line' id='line_1_33' title="bbox 340 2412 2064 2467; baseline 0.001 -12"><span class='ocrx_word' id='word_1_338' title='bbox 340 2413 528 2455; x_wconf 77' lang='lat' dir='ltr'><em>raccolta</em></span> <span class='ocrx_word' id='word_1_339' title='bbox 548 2413 740 2455; x_wconf 88' lang='lat' dir='ltr'><em>numism.</em></span> <span class='ocrx_word' id='word_1_340' title='bbox 765 2412 830 2454; x_wconf 89' lang='lat' dir='ltr'><em>del</em></span> <span class='ocrx_word' id='word_1_341' title='bbox 847 2426 987 2455; x_wconf 87' lang='lat' dir='ltr'><em>museo</em></span> <span class='ocrx_word' id='word_1_342' title='bbox 1009 2412 1054 2455; x_wconf 89' lang='lat' dir='ltr'><em>di</em></span> <span class='ocrx_word' id='word_1_343' title='bbox 1079 2413 1234 2455; x_wconf 85' lang='lat' dir='ltr'><em>Torino</em></span> <span class='ocrx_word' id='word_1_344' title='bbox 1257 2428 1302 2467; x_wconf 92' lang='lat' dir='ltr'><em>p.</em></span> <span class='ocrx_word' id='word_1_345' title='bbox 1318 2416 1402 2456; x_wconf 90' lang='grc'><em>192</em></span> <span class='ocrx_word' id='word_1_346' title='bbox 1429 2427 1471 2455; x_wconf 92' lang='lat' dir='ltr'><em>n.</em></span> <span class='ocrx_word' id='word_1_347' title='bbox 1492 2415 1612 2456; x_wconf 86' lang='grc'><em>3564.</em></span> <span class='ocrx_word' id='word_1_348' title='bbox 1631 2438 1690 2443; x_wconf 92' lang='grc'>-</span> <span class='ocrx_word' id='word_1_349' title='bbox 1719 2413 1771 2456; x_wconf 92' lang='lat' dir='ltr'><em>L.</em></span> <span class='ocrx_word' id='word_1_350' title='bbox 1801 2413 1986 2455; x_wconf 89' lang='lat' dir='ltr'><em>Mussidi</em></span> <span class='ocrx_word' id='word_1_351' title='bbox 2017 2414 2064 2456; x_wconf 90' lang='lat' dir='ltr'><em>in</em></span> 
     </span>
     <span class='ocr_line' id='line_1_34' title="bbox 343 2480 1443 2536; baseline 0 -13"><span class='ocrx_word' id='word_1_352' title='bbox 343 2481 548 2536; x_wconf 89' lang='lat' dir='ltr'><em>amphora</em></span> <span class='ocrx_word' id='word_1_353' title='bbox 577 2495 663 2535; x_wconf 89' lang='lat' dir='ltr'><em>rep.</em></span> <span class='ocrx_word' id='word_1_354' title='bbox 688 2480 899 2531; x_wconf 79' lang='lat' dir='ltr'><em>Sulmone,</em></span> <span class='ocrx_word' id='word_1_355' title='bbox 933 2481 1103 2524; x_wconf 67' lang='lat' dir='ltr'><em>Notieie</em></span> <span class='ocrx_word' id='word_1_356' title='bbox 1132 2484 1244 2523; x_wconf 91' lang='grc'><em>1887</em></span> <span class='ocrx_word' id='word_1_357' title='bbox 1265 2496 1314 2536; x_wconf 93' lang='lat' dir='ltr'><em>p.</em></span> <span class='ocrx_word' id='word_1_358' title='bbox 1345 2484 1443 2525; x_wconf 83' lang='grc'><em>293.</em></span> 
     </span>
    </p>

    <p class='ocr_par' dir='ltr' id='par_1_8' title="bbox 258 2549 2063 2809">
     <span class='ocr_line' id='line_1_35' title="bbox 258 2549 2060 2607; baseline 0 -15"><span class='ocrx_word' id='word_1_359' title='bbox 258 2551 334 2592; x_wconf 89' lang='grc'><em>551</em></span> <span class='ocrx_word' id='word_1_360' title='bbox 371 2556 414 2591; x_wconf 90' lang='grc' dir='ltr'><em>Τ.</em></span> <span class='ocrx_word' id='word_1_361' title='bbox 445 2549 742 2604; x_wconf 85' lang='lat' dir='ltr'>MVSSI[DIVS]</span> <span class='ocrx_word' id='word_1_362' title='bbox 777 2582 957 2604; x_wconf 84' lang='grc'><em>.......</em></span> <span class='ocrx_word' id='word_1_363' title='bbox 991 2552 1263 2606; x_wconf 88' lang='lat' dir='ltr'><em>quattuorvir</em></span> <span class='ocrx_word' id='word_1_364' title='bbox 1282 2550 1469 2605; x_wconf 79' lang='lat' dir='ltr'><em>v[iarum</em></span> <span class='ocrx_word' id='word_1_365' title='bbox 1495 2549 1814 2605; x_wconf 85' lang='lat' dir='ltr'><em>curandarum],</em></span> <span class='ocrx_word' id='word_1_366' title='bbox 1846 2556 2060 2607; x_wconf 83' lang='lat' dir='ltr'><em>quaestor,</em></span> 
     </span>
     <span class='ocr_line' id='line_1_36' title="bbox 342 2616 2062 2673; baseline 0.001 -14"><span class='ocrx_word' id='word_1_367' title='bbox 342 2617 541 2659; x_wconf 87' lang='lat' dir='ltr'><em>tribunus</em></span> <span class='ocrx_word' id='word_1_368' title='bbox 578 2616 737 2673; x_wconf 87' lang='lat' dir='ltr'><em>plebis,</em></span> <span class='ocrx_word' id='word_1_369' title='bbox 782 2649 906 2660; x_wconf 89' lang='lat'><em>.....</em></span> <span class='ocrx_word' id='word_1_370' title='bbox 947 2618 1231 2672; x_wconf 72' lang='lat' dir='ltr'><em>fraqmentum</em></span> <span class='ocrx_word' id='word_1_371' title='bbox 1275 2618 1392 2660; x_wconf 88' lang='lat' dir='ltr'><em>tituli</em></span> <span class='ocrx_word' id='word_1_372' title='bbox 1431 2619 1592 2661; x_wconf 90' lang='lat' dir='ltr'><em>urbani</em></span> <span class='ocrx_word' id='word_1_373' title='bbox 1628 2618 1752 2660; x_wconf 91' lang='lat' dir='ltr'><em>semel</em></span> <span class='ocrx_word' id='word_1_374' title='bbox 1791 2621 1955 2660; x_wconf 88' lang='lat' dir='ltr'><em>tantum</em></span> <span class='ocrx_word' id='word_1_375' title='bbox 1994 2618 2062 2661; x_wconf 90' lang='lat' dir='ltr'><em>de-</em></span> 
     </span>
     <span class='ocr_line' id='line_1_37' title="bbox 340 2685 2063 2774; baseline 0.001 -47"><span class='ocrx_word' id='word_1_376' title='bbox 340 2687 543 2740; x_wconf 70' lang='lat' dir='ltr'><em>scriptum</em></span> <span class='ocrx_word' id='word_1_377' title='bbox 574 2685 642 2728; x_wconf 87' lang='lat' dir='ltr'><em>VI</em></span> <span class='ocrx_word' id='word_1_378' title='bbox 654 2689 773 2728; x_wconf 87' lang='lat'><strong><em>1467.</em></strong></span> <span class='ocrx_word' id='word_1_379' title='bbox 820 2685 994 2741; x_wconf 69' lang='lat' dir='ltr'><em>Adfinis</em></span> <span class='ocrx_word' id='word_1_380' title='bbox 1026 2687 1072 2729; x_wconf 81' lang='lat' dir='ltr'><em>T.</em></span> <span class='ocrx_word' id='word_1_381' title='bbox 1096 2686 1304 2728; x_wconf 87' lang='lat' dir='ltr'><em>Mussidii</em></span> <span class='ocrx_word' id='word_1_382' title='bbox 1322 2686 1515 2729; x_wconf 89' lang='lat' dir='ltr'><em>Polliani</em></span> <span class='ocrx_word' id='word_1_383' title='bbox 1536 2700 1579 2729; x_wconf 92' lang='lat' dir='ltr'><em>n.</em></span> <span class='ocrx_word' id='word_1_384' title='bbox 1599 2689 1693 2737; x_wconf 85' lang='lat'><strong><em>553,</em></strong></span> <span class='ocrx_word' id='word_1_385' title='bbox 1725 2700 1818 2729; x_wconf 84' lang='lat' dir='ltr'><em>cwm</em></span> <span class='ocrx_word' id='word_1_386' title='bbox 1846 2687 1893 2728; x_wconf 86' lang='lat' dir='ltr'><em>in</em></span> <span class='ocrx_word' id='word_1_387' title='bbox 1921 2685 2063 2774; x_wconf 79' lang='lat' dir='ltr'><em>eodem</em></span> 
     </span>
     <span class='ocr_line' id='line_1_38' title="bbox 343 2754 1545 2809; baseline 0.001 -13"><span class='ocrx_word' id='word_1_388' title='bbox 343 2755 405 2798; x_wconf 88' lang='lat' dir='ltr'><em>tit.</em></span> <span class='ocrx_word' id='word_1_389' title='bbox 436 2768 472 2795; x_wconf 82' lang='lat' dir='ltr'><em>v.</em></span> <span class='ocrx_word' id='word_1_390' title='bbox 502 2758 529 2796; x_wconf 88' lang='lat'><strong><em>4</em></strong></span> <span class='ocrx_word' id='word_1_391' title='bbox 557 2757 808 2796; x_wconf 89' lang='lat' dir='ltr'><em>memoretur</em></span> <span class='ocrx_word' id='word_1_392' title='bbox 836 2754 975 2796; x_wconf 87' lang='lat' dir='ltr'><em>Pollia</em></span> <span class='ocrx_word' id='word_1_393' title='bbox 1001 2755 1064 2797; x_wconf 85' lang='lat' dir='ltr'><em>vel</em></span> <span class='ocrx_word' id='word_1_394' title='bbox 1093 2754 1346 2809; x_wconf 86' lang='lat' dir='ltr'><em>Pollia[nus]</em></span> <span class='ocrx_word' id='word_1_395' title='bbox 1376 2754 1545 2808; x_wconf 81' lang='lat' dir='ltr'><em>aliquis.</em></span> 
     </span>
    </p>

    <p class='ocr_par' dir='ltr' id='par_1_9' title="bbox 258 2821 2062 3068">
     <span class='ocr_line' id='line_1_39' title="bbox 258 2821 2060 2878; baseline 0.001 -14"><span class='ocrx_word' id='word_1_396' title='bbox 258 2823 340 2865; x_wconf 85' lang='lat'><em>552</em></span> <span class='ocrx_word' id='word_1_397' title='bbox 371 2829 415 2864; x_wconf 89' lang='lat' dir='ltr'><em>L.</em></span> <span class='ocrx_word' id='word_1_398' title='bbox 455 2828 718 2864; x_wconf 87' lang='lat' dir='ltr'>MVSSIDIVS</span> <span class='ocrx_word' id='word_1_399' title='bbox 763 2827 959 2864; x_wconf 87' lang='lat' dir='ltr'>LONGVS</span> <span class='ocrx_word' id='word_1_400' title='bbox 1006 2823 1056 2865; x_wconf 90' lang='grc' dir='ltr'><em>Τ.</em></span> <span class='ocrx_word' id='word_1_401' title='bbox 1099 2822 1126 2866; x_wconf 89' lang='lat' dir='ltr'><em>f.</em></span> <span class='ocrx_word' id='word_1_402' title='bbox 1118 2855 1147 2877; x_wconf 82' lang='grc'><em>.,</em></span> <span class='ocrx_word' id='word_1_403' title='bbox 1194 2823 1469 2878; x_wconf 88' lang='lat' dir='ltr'><em>quattuorvir</em></span> <span class='ocrx_word' id='word_1_404' title='bbox 1510 2821 1737 2865; x_wconf 88' lang='lat' dir='ltr'><em>monetalis</em></span> <span class='ocrx_word' id='word_1_405' title='bbox 1782 2837 1819 2866; x_wconf 88' lang='lat' dir='ltr'><em>a.</em></span> <span class='ocrx_word' id='word_1_406' title='bbox 1862 2823 1944 2866; x_wconf 87' lang='grc'><em>716</em></span> <span class='ocrx_word' id='word_1_407' title='bbox 1987 2822 2060 2877; x_wconf 81' lang='lat' dir='ltr'><em>(cf.</em></span> 
     </span>
     <span class='ocr_line' id='line_1_40' title="bbox 345 2889 2060 2946; baseline 0.001 -14"><span class='ocrx_word' id='word_1_408' title='bbox 345 2890 580 2932; x_wconf 88' lang='lat' dir='ltr'><em>Mommsen</em></span> <span class='ocrx_word' id='word_1_409' title='bbox 600 2889 695 2933; x_wconf 89' lang='lat' dir='ltr'><em>hist.</em></span> <span class='ocrx_word' id='word_1_410' title='bbox 716 2904 871 2932; x_wconf 91' lang='lat' dir='ltr'><em>numm.</em></span> <span class='ocrx_word' id='word_1_411' title='bbox 893 2904 943 2944; x_wconf 90' lang='lat' dir='ltr'><em>p.</em></span> <span class='ocrx_word' id='word_1_412' title='bbox 966 2890 1059 2940; x_wconf 88' lang='lat'><em>741)</em></span> <span class='ocrx_word' id='word_1_413' title='bbox 1089 2891 1250 2933; x_wconf 88' lang='lat' dir='ltr'><em>nummi</em></span> <span class='ocrx_word' id='word_1_414' title='bbox 1269 2905 1336 2946; x_wconf 91' lang='lat' dir='ltr'><em>ap.</em></span> <span class='ocrx_word' id='word_1_415' title='bbox 1358 2890 1552 2933; x_wconf 89' lang='lat' dir='ltr'><em>Babelon</em></span> <span class='ocrx_word' id='word_1_416' title='bbox 1577 2891 1793 2933; x_wconf 80' lang='lat' dir='ltr'><em>monnaies</em></span> <span class='ocrx_word' id='word_1_417' title='bbox 1823 2890 1872 2934; x_wconf 89' lang='lat' dir='ltr'><em>de</em></span> <span class='ocrx_word' id='word_1_418' title='bbox 1900 2891 1945 2933; x_wconf 90' lang='lat' dir='ltr'><em>la</em></span> <span class='ocrx_word' id='word_1_419' title='bbox 1971 2892 2060 2946; x_wconf 71' lang='lat' dir='ltr'><em>rep.</em></span> 
     </span>
     <span class='ocr_line' id='line_1_41' title="bbox 342 2957 2062 3014; baseline 0.001 -14"><span class='ocrx_word' id='word_1_420' title='bbox 342 2972 445 3000; x_wconf 91' lang='lat' dir='ltr'><em>rom.</em></span> <span class='ocrx_word' id='word_1_421' title='bbox 477 2958 537 3000; x_wconf 93' lang='lat' dir='ltr'><em>II</em></span> <span class='ocrx_word' id='word_1_422' title='bbox 550 2972 598 3012; x_wconf 91' lang='lat' dir='ltr'><em>p.</em></span> <span class='ocrx_word' id='word_1_423' title='bbox 619 2961 701 3001; x_wconf 92' lang='grc'><em>241</em></span> <span class='ocrx_word' id='word_1_424' title='bbox 719 2971 799 3011; x_wconf 78' lang='lat' dir='ltr'><em>seq.</em></span> <span class='ocrx_word' id='word_1_425' title='bbox 864 2957 992 3000; x_wconf 86' lang='lat' dir='ltr'><em>Fieri</em></span> <span class='ocrx_word' id='word_1_426' title='bbox 1016 2962 1158 3013; x_wconf 90' lang='lat' dir='ltr'><em>potest</em></span> <span class='ocrx_word' id='word_1_427' title='bbox 1184 2962 1233 3001; x_wconf 90' lang='lat' dir='ltr'><em>ut</em></span> <span class='ocrx_word' id='word_1_428' title='bbox 1260 2959 1370 3001; x_wconf 91' lang='lat' dir='ltr'><em>idem</em></span> <span class='ocrx_word' id='word_1_429' title='bbox 1408 2959 1466 3001; x_wconf 90' lang='lat' dir='ltr'><em>sit</em></span> <span class='ocrx_word' id='word_1_430' title='bbox 1501 2972 1594 3000; x_wconf 89' lang='lat' dir='ltr'><em>cum</em></span> <span class='ocrx_word' id='word_1_431' title='bbox 1631 2959 1682 3000; x_wconf 93' lang='lat' dir='ltr'><em>L.</em></span> <span class='ocrx_word' id='word_1_432' title='bbox 1713 2959 1928 3002; x_wconf 90' lang='lat' dir='ltr'><em>Mussidio</em></span> <span class='ocrx_word' id='word_1_433' title='bbox 1957 2973 2062 3014; x_wconf 84' lang='lat' dir='ltr'><em>pro·</em></span> 
     </span>
     <span class='ocr_line' id='line_1_42' title="bbox 344 3025 727 3068; baseline -0.003 0"><span class='ocrx_word' id='word_1_434' title='bbox 344 3025 509 3068; x_wconf 85' lang='lat' dir='ltr'><em>consule</em></span> <span class='ocrx_word' id='word_1_435' title='bbox 539 3025 727 3068; x_wconf 80' lang='lat' dir='ltr'><em>Siciliae.</em></span> 
     </span>
    </p>

    <p class='ocr_par' dir='ltr' id='par_1_10' title="bbox 259 3094 2062 3150">
     <span class='ocr_line' id='line_1_43' title="bbox 259 3094 2062 3150; baseline 0.001 -14"><span class='ocrx_word' id='word_1_436' title='bbox 259 3095 341 3137; x_wconf 84' lang='lat'><em>553</em></span> <span class='ocrx_word' id='word_1_437' title='bbox 372 3100 414 3138; x_wconf 91' lang='lat' dir='ltr'><em>T.</em></span> <span class='ocrx_word' id='word_1_438' title='bbox 446 3099 710 3135; x_wconf 85' lang='lat' dir='ltr'>MVSSIDIVS</span> <span class='ocrx_word' id='word_1_439' title='bbox 741 3100 1020 3136; x_wconf 86' lang='lat' dir='ltr'><strong>POLLIANVS</strong></span> <span class='ocrx_word' id='word_1_440' title='bbox 1062 3094 1125 3149; x_wconf 92' lang='lat' dir='ltr'><em>(in</em></span> <span class='ocrx_word' id='word_1_441' title='bbox 1155 3095 1434 3149; x_wconf 86' lang='lat' dir='ltr'><em>praenomine</em></span> <span class='ocrx_word' id='word_1_442' title='bbox 1467 3094 1718 3150; x_wconf 72' lang='lat' dir='ltr'><em>apoyrapha</em></span> <span class='ocrx_word' id='word_1_443' title='bbox 1749 3095 1924 3137; x_wconf 83' lang='lat' dir='ltr'><em>variant</em></span> <span class='ocrx_word' id='word_1_444' title='bbox 1950 3095 2062 3138; x_wconf 85' lang='lat' dir='ltr'><em>inter</em></span> 
     </span>
    </p>

    <p class='ocr_par' dir='ltr' id='par_1_11' title="bbox 220 3161 2060 3217">
     <span class='ocr_line' id='line_1_44' title="bbox 220 3161 2060 3217; baseline 0.001 -13"><span class='ocrx_word' id='word_1_445' title='bbox 220 3171 225 3174; x_wconf 87' lang='lat'>&#39;</span> <span class='ocrx_word' id='word_1_446' title='bbox 345 3162 396 3207; x_wconf 90' lang='grc' dir='ltr'><em>Τ.</em></span> <span class='ocrx_word' id='word_1_447' title='bbox 419 3165 458 3204; x_wconf 86' lang='lat' dir='ltr'><em>et</em></span> <span class='ocrx_word' id='word_1_448' title='bbox 475 3162 559 3215; x_wconf 83' lang='lat' dir='ltr'><em>L.)‚</em></span> <span class='ocrx_word' id='word_1_449' title='bbox 590 3161 834 3217; x_wconf 87' lang='lat' dir='ltr'><em>praefectus</em></span> <span class='ocrx_word' id='word_1_450' title='bbox 864 3162 1069 3204; x_wconf 87' lang='lat' dir='ltr'><em>frumenti</em></span> <span class='ocrx_word' id='word_1_451' title='bbox 1102 3163 1232 3205; x_wconf 86' lang='lat' dir='ltr'><em>dandi</em></span> <span class='ocrx_word' id='word_1_452' title='bbox 1265 3178 1319 3205; x_wconf 85' lang='lat' dir='ltr'><em>ex</em></span> <span class='ocrx_word' id='word_1_453' title='bbox 1346 3178 1380 3205; x_wconf 92' lang='lat' dir='ltr'><em>s.</em></span> <span class='ocrx_word' id='word_1_454' title='bbox 1407 3177 1456 3217; x_wconf 88' lang='lat' dir='ltr'><em>c.,</em></span> <span class='ocrx_word' id='word_1_455' title='bbox 1489 3169 1664 3205; x_wconf 89' lang='lat' dir='ltr'><em>curator</em></span> <span class='ocrx_word' id='word_1_456' title='bbox 1681 3163 1862 3217; x_wconf 84' lang='lat' dir='ltr'><em>viarum,</em></span> <span class='ocrx_word' id='word_1_457' title='bbox 1895 3162 2060 3205; x_wconf 88' lang='lat' dir='ltr'><em>decem-</em></span> 
     </span>
    </p>

    <p class='ocr_par' dir='ltr' id='par_1_12' title="bbox 344 3228 2063 3287">
     <span class='ocr_line' id='line_1_45' title="bbox 344 3228 2063 3287; baseline 0.001 -15"><span class='ocrx_word' id='word_1_458' title='bbox 344 3231 413 3272; x_wconf 92' lang='lat' dir='ltr'><em>vir</em></span> <span class='ocrx_word' id='word_1_459' title='bbox 443 3229 635 3272; x_wconf 85' lang='lat' dir='ltr'><em>stlitibus</em></span> <span class='ocrx_word' id='word_1_460' title='bbox 666 3228 919 3284; x_wconf 83' lang='lat' dir='ltr'><em>iudicandis,</em></span> <span class='ocrx_word' id='word_1_461' title='bbox 963 3237 1175 3286; x_wconf 87' lang='lat' dir='ltr'><em>quaestor,</em></span> <span class='ocrx_word' id='word_1_462' title='bbox 1217 3230 1417 3274; x_wconf 87' lang='lat' dir='ltr'><em>tribunus</em></span> <span class='ocrx_word' id='word_1_463' title='bbox 1447 3229 1597 3287; x_wconf 88' lang='lat' dir='ltr'><em>plebis,</em></span> <span class='ocrx_word' id='word_1_464' title='bbox 1628 3237 1801 3287; x_wconf 85' lang='lat' dir='ltr'><em>praetor</em></span> <span class='ocrx_word' id='word_1_465' title='bbox 1831 3231 2063 3286; x_wconf 83' lang='lat' dir='ltr'><em>(praetura</em></span> 
     </span>
    </p>

    <p class='ocr_par' dir='ltr' id='par_1_13' title="bbox 344 3297 2061 3354">
     <span class='ocr_line' id='line_1_46' title="bbox 344 3297 2061 3354; baseline 0.001 -14"><span class='ocrx_word' id='word_1_466' title='bbox 344 3299 390 3340; x_wconf 92' lang='lat' dir='ltr'><em>in</em></span> <span class='ocrx_word' id='word_1_467' title='bbox 421 3301 448 3340; x_wconf 88' lang='lat' dir='ltr'><em>t.</em></span> <span class='ocrx_word' id='word_1_468' title='bbox 479 3300 600 3340; x_wconf 76' lang='lat' dir='ltr'><em>extra</em></span> <span class='ocrx_word' id='word_1_469' title='bbox 630 3297 817 3339; x_wconf 83' lang='lat' dir='ltr'><em>ordinem</em></span> <span class='ocrx_word' id='word_1_470' title='bbox 844 3311 933 3340; x_wconf 91' lang='lat' dir='ltr'><em>una</em></span> <span class='ocrx_word' id='word_1_471' title='bbox 963 3312 1054 3340; x_wconf 85' lang='lat' dir='ltr'><em>cum</em></span> <span class='ocrx_word' id='word_1_472' title='bbox 1085 3298 1304 3342; x_wconf 85' lang='lat' dir='ltr'><em>consulatu</em></span> <span class='ocrx_word' id='word_1_473' title='bbox 1331 3298 1506 3353; x_wconf 81' lang='lat' dir='ltr'><em>reliquis</em></span> <span class='ocrx_word' id='word_1_474' title='bbox 1533 3298 1763 3341; x_wconf 83' lang='lat' dir='ltr'><em>honoribus</em></span> <span class='ocrx_word' id='word_1_475' title='bbox 1788 3298 2061 3354; x_wconf 86' lang='lat' dir='ltr'><em>praemissa),</em></span> 
     </span>
    </p>

    <p class='ocr_par' dir='ltr' id='par_1_14' title="bbox 346 3363 1902 3422">
     <span class='ocr_line' id='line_1_47' title="bbox 346 3363 1902 3422; baseline 0.001 -14"><span class='ocrx_word' id='word_1_476' title='bbox 346 3363 576 3422; x_wconf 85' lang='lat' dir='ltr'><em>proconsul</em></span> <span class='ocrx_word' id='word_1_477' title='bbox 604 3365 855 3422; x_wconf 85' lang='lat' dir='ltr'><em>provinciae</em></span> <span class='ocrx_word' id='word_1_478' title='bbox 887 3364 1055 3409; x_wconf 80' lang='lat' dir='ltr'><em>Galliae</em></span> <span class='ocrx_word' id='word_1_479' title='bbox 1084 3366 1391 3422; x_wconf 81' lang='lat' dir='ltr'><em>Narbonensis,</em></span> <span class='ocrx_word' id='word_1_480' title='bbox 1424 3365 1572 3409; x_wconf 87' lang='lat' dir='ltr'><em>consul</em></span> <span class='ocrx_word' id='word_1_481' title='bbox 1600 3367 1662 3411; x_wconf 89' lang='lat' dir='ltr'><em>tit.</em></span> <span class='ocrx_word' id='word_1_482' title='bbox 1696 3366 1764 3410; x_wconf 88' lang='lat' dir='ltr'><em>VI</em></span> <span class='ocrx_word' id='word_1_483' title='bbox 1783 3368 1902 3411; x_wconf 76' lang='lat'><em>1466.</em></span> 
     </span>
    </p>
   </div>
  </div>
 </body>
</html>
