2202 3724
108 299 275 336 IVLIVS
974 294 1055 337 185
1754 300 1920 337 IVLIVS

111 430 193 472 162
223 435 287 472 ΤΙ.
318 435 485 471 IVLIVS
518 436 769 473 CANDIDVS
802 437 1065 473 CAECILIVS
1107 436 1325 473 SIMPLEX
1366 431 1500 473 frater
1530 430 1727 480 Arvalis,
1768 446 1805 474 a.
1840 433 1920 474 105

128 554 133 558 ¹
194 499 401 553 magister
430 497 568 541 faetus
600 500 645 541 in
674 514 836 542 annum
868 501 1179 556 insequentem,
1213 499 1336 542 adest
1365 501 1409 542 in
1440 498 1622 554 collegio
1643 515 1681 542 a.
1705 500 1800 542 117.
1825 501 1920 550 118,

193 581 232 609 a.
256 567 337 609 118
367 567 575 622 magister
604 567 743 610 factus
764 568 810 610 in
831 583 992 610 annum
1014 569 1324 625 insequentem,
1346 568 1470 610 adest
1490 569 1534 609 in
1556 567 1736 623 collegio
1763 585 1798 611 ει.
1824 570 1917 616 120.

192 635 399 689 magister
429 636 594 690 (tertio)
624 651 663 678 a.
689 637 780 691 139,
814 636 937 679 adest
969 638 1011 678 in
1039 636 1220 692 collegio
1251 652 1288 679 a.
1315 637 1395 680 145
1425 639 1506 679 act.
1527 636 1631 681 Arv.
1655 638 1727 692 (cf.
1749 637 1920 679 Hemen

193 717 336 748 comm.
370 704 429 746 ad
456 708 538 747 act.
568 705 673 749 Arv.
701 719 749 759 p.
771 708 877 756 188,·
905 705 1018 760 Eph.
1041 720 1104 760 ep.
1124 709 1153 748 8
1170 721 1219 760 p.
1239 709 1351 761 333).

112 772 194 815 163
224 773 306 827 (TI.
339 774 525 827 IVLIVS)
558 779 808 816 CANDIDVS
841 780 1026 816 CELSVS
1059 774 1287 830 proconsul
1317 774 1449 816 Asiae
1479 774 1559 817 sub
1592 774 1812 817 Antonino
1840 774 1919 816 Pio

192 842 356 883 nummi
391 842 473 884 duo
508 842 862 897 Harpasenorum
898 842 1078 893 Cariae,
1120 842 1179 884 ad
1215 843 1404 897 eoeempla
1443 843 1668 885 adservata
1706 844 1753 885 in
1781 856 1920 885 museo

190 909 447 953 Britannico
477 910 764 966 Waddinqton
793 912 927 965 fustes
958 911 1028 954 des
1049 912 1274 966 provinces
1304 913 1431 954 asiat.
1451 926 1492 956 n.
1516 915 1610 961 137,
1642 911 1751 954 alter
1780 926 1831 954 ex
1860 911 1919 953 eis

191 978 318 1020 etiam
347 993 416 1033 ap.
448 979 646 1021 Mionnet
677 979 768 1022 III
789 982 883 1030 334,
917 982 998 1022 181
1041 979 1134 1032 (ubi
1173 994 1258 1022 non
1295 983 1405 1022 recte
1445 981 1649 1023 tribuitur
1677 980 1919 1036 Baryasae)

190 1049 231 1088 et
257 1047 394 1101 suppl.
426 1047 604 1098 VI502,
633 1051 732 1098 329,
772 1048 841 1090 hie
881 1062 972 1090 cum
1014 1049 1150 1103 capite
1182 1049 1248 1090 M.
1278 1048 1452 1090 Aurelii
1477 1048 1689 1099 Caesaris,
1731 1049 1821 1091 cusi
1857 1049 1920 1091 ἐπὶ

187 1113 386 1158 Κανδίδου
428 1114 585 1159 Κέλσου
630 1115 944 1170 (proconsulem
987 1117 1120 1171 fuisse
1161 1131 1247 1159 non
1292 1117 1550 1171 adscriptum
1597 1117 1686 1171 esO.
1755 1117 1919 1159 Filium

187 1185 320 1239 fuisse
354 1184 420 1227 Ti.
451 1183 561 1226 Iulii
585 1184 777 1227 Candidi
805 1185 950 1227 Marii
973 1184 1088 1228 Celsi
1116 1186 1292 1228 coniecit
1322 1185 1608 1240 Waddinyton
1640 1186 1665 1227 l.
1698 1199 1731 1227 c.

106 1254 188 1296 164
218 1259 282 1296 TI.
302 1259 470 1295 IVLIVS
493 1259 744 1295 CANDIDVS
775 1259 965 1296 MARIVS
998 1260 1198 1296 CELSVS.
1254 1254 1423 1297 Titulus
1442 1254 1699 1309 Ancyranus
1719 1254 1807 1296 III
1818 1257 1917 1297 250.

189 1322 459 1364 Memoratur
497 1322 668 1376 saepius
706 1322 754 1364 in
786 1322 893 1364 actis
916 1322 1157 1365 Arvalium.
1192 1347 1241 1352 —
1277 1323 1441 1365 Nomen
1471 1324 1677 1377 inteyrum
1708 1326 1919 1365 servatum

190 1394 253 1433 est
277 1390 326 1433 in
353 1393 434 1432 act.
462 1389 567 1432 Am.
598 1404 638 1432 a.
659 1393 714 1433 81
744 1383 967 1445 (V12060
995 1405 1032 1433 v.
1053 1394 1097 1446 3)
1124 1393 1184 1433 87
1211 1389 1431 1444 (V12065
1460 1405 1496 1434 v.
1518 1391 1592 1445 32)
1613 1394 1668 1434 89
1700 1389 1920 1443 (V12066

186 1473 222 1503 v.
241 1458 330 1514 52),
351 1459 451 1501 item
470 1459 517 1501 in
537 1458 639 1514 dipl.
661 1459 749 1502 mil.
772 1474 812 1504 a.
833 1462 888 1503 86
908 1463 948 1502 et
972 1460 1019 1502 in
1040 1459 1174 1502 altero
1196 1460 1298 1514 dipl.
1319 1460 1405 1504 mil.
1427 1474 1562 1515 nuper
1582 1474 1668 1514 rep.
1692 1461 1797 1501 anni
1815 1462 1918 1511 105,-

186 1527 322 1570 solum
350 1542 611 1582 praenomen
642 1529 780 1582 periit
808 1529 856 1571 in
885 1532 914 1571 t.
944 1528 1190 1586 Ancyrano.
1230 1529 1298 1571 Ti.
1327 1528 1466 1571 Iulius
1494 1528 1717 1572 Candidus
1748 1529 1918 1583 (omisso

185 1596 296 1638 Mar.
327 1595 459 1650 Cels.)
490 1599 551 1638 est
578 1596 703 1639 semel
728 1597 774 1639 in
804 1598 913 1640 actis
942 1611 982 1641 a.
1013 1600 1069 1640 89
1099 1603 1118 1652 (
1129 1597 1195 1640 VI
1206 1601 1320 1641 2066
1347 1612 1384 1642 v.
1405 1598 1461 1652 3),
1494 1598 1820 1652 transpositione
1850 1597 1917 1638 Ti.

185 1663 323 1707 Iulius
354 1663 507 1707 Celsus
536 1664 703 1706 Marius
734 1663 958 1708 Candidus
989 1666 1036 1707 in
1065 1666 1173 1707 aclis
1203 1680 1243 1707 a.
1264 1668 1323 1707 87
1350 1667 1374 1719 (
1377 1665 1446 1708 VI
1461 1669 1573 1709 2065
1604 1666 1665 1708 ΙΙ
1676 1664 1764 1719 32).
1785 1690 1844 1695 --
1863 1666 1915 1707 In

187 1732 407 1775 consulatu
437 1732 572 1775 altero
601 1732 683 1788 [Ti.
705 1732 859 1788 I]ulius
881 1733 1135 1789 Oan[d]idus
1159 1734 1326 1776 Marius
1347 1733 1499 1778 Celsus
1531 1737 1612 1776 act.
1634 1734 1739 1776 Arv.
1762 1748 1802 1776 a.
1823 1737 1915 1784 105,

186 1801 254 1843 Ti.
283 1800 422 1844 Iulius
451 1800 675 1844 Candidus
705 1801 774 1845 VI
795 1805 895 1853 156,
929 1802 995 1845 Ti.
1026 1802 1164 1845 Iulius
1197 1801 1450 1858 [Candidus]
1485 1803 1526 1846 V
1543 1806 1638 1854 875,
1668 1803 1918 1857 plerumque

187 1869 423 1913 Candidus.

272 1939 430 1981 Frater
450 1938 624 1982 Arvalis
643 1939 828 1982 fortasse
854 1941 939 1982 iam
963 1955 1000 1982 a.
1023 1941 1077 1983 72
1108 1940 1164 1995 (si
1182 1940 1250 1982 hic
1271 1943 1332 1983 est
1351 1939 1418 1984 Ti.
1440 1939 1607 1994 Iuliu[s]
1632 1973 1641 1982 .
1659 1973 1668 1982 .
1688 1973 1698 1982 .
1725 1940 1793 1982 VI
1803 1943 1918 1982 2053

187 2020 225 2049 v.
245 2007 302 2062 1),
334 2013 451 2050 certe
479 2023 517 2052 a.
541 2008 594 2050 75
626 2011 708 2051 act.
729 2008 834 2051 Arv.
892 2009 1102 2064 Magister
1131 2009 1300 2063 collegii
1331 2024 1367 2050 a.
1402 2009 1479 2062 753
1511 2008 1633 2050 adest
1662 2009 1706 2049 in
1735 2008 1915 2062 collegio

186 2090 224 2120 a.
247 2076 316 2120 80.
347 2076 399 2119 81
433 2080 515 2119 act.
537 2076 642 2121 Arv.
703 2076 868 2120 Consul
897 2078 992 2120 suff.
1024 2092 1170 2120 mense
1190 2078 1293 2120 Mai.
1324 2093 1360 2121 a.
1384 2078 1440 2120 86
1470 2092 1567 2119 eum
1600 2077 1699 2121 Sex.
1731 2077 1915 2120 Octavio

187 2144 407 2187 Frontone
429 2145 531 2200 dipl.
552 2146 641 2188 mil.
665 2146 771 2198 (III
782 2161 832 2201 p.
853 2149 964 2201 857).
996 2147 1186 2201 Legatus
1209 2146 1406 2190 Galatiae
1427 2161 1466 2188 a.
1490 2147 1572 2190 ine.
1595 2149 1623 2189 t.
1643 2146 1912 2200 Ancyranus.

188 2212 242 2257 A.
275 2214 330 2256 87
360 2213 519 2256 flamen
549 2214 733 2257 fratrum
761 2215 991 2258 Arvalium
1023 2216 1165 2258 faetus
1196 2217 1240 2258 in
1281 2230 1440 2258 annum
1472 2221 1747 2271 sequentem3
1788 2230 1826 2256 a.
1858 2214 1913 2255 89

184 2283 392 2337 magister
429 2282 622 2338 eollegii,
661 2283 736 2326 sed
775 2285 872 2326 vice
908 2285 999 2327 eius
1041 2284 1150 2327 alius
1179 2285 1432 2327 muneribus
1461 2285 1657 2338 magistri
1693 2283 1911 2337 fungitur3

187 2350 310 2394 adest
347 2352 393 2393 in
430 2351 608 2406 collegio
651 2367 764 2394 anno
800 2354 963 2396 incerto
1004 2355 1158 2396 aetatis
1199 2354 1437 2395 Domitiani
1480 2350 1576 2404 (aet.
1610 2352 1714 2393 Aru.
1755 2353 1911 2405 fraqm.

188 2418 315 2465 Dom.
343 2418 407 2474 C),
438 2435 478 2465 a.
512 2421 606 2463 101.
648 2422 729 2464 105
768 2424 849 2466 act.
878 2421 984 2465 Arv.
1047 2421 1211 2465 Consul
1251 2423 1295 2464 II
1336 2421 1580 2463 ordinarius
1618 2436 1654 2462 a.
1692 2421 1769 2462 105
1814 2435 1913 2461 cum

187 2486 242 2530 A.
272 2487 382 2531 Iulio
413 2488 638 2542 Quadrato
664 2490 782 2543 fasti.

105 2557 185 2599 165
215 2555 354 2599 Iulius
394 2556 560 2611 Canus,
603 2556 883 2614 philosophus
924 2565 1066 2600 sectae
1097 2559 1290 2612 Stoicae,
1330 2565 1469 2600 morte
1508 2557 1714 2600 multatus
1745 2573 1770 2598 a
1802 2558 1909 2600 Gaio

187 2625 394 2681 principe,
415 2640 546 2682 quam
566 2640 723 2681 magno
745 2627 887 2678 animo
909 2626 1041 2669 subiit
1057 2627 1218 2670 Seneca
1238 2627 1340 2671 dial.
1357 2631 1383 2670 9
1403 2627 1471 2682 (cle
1491 2630 1628 2680 tranq.
1652 2626 1815 2679 animi),
1839 2630 1912 2675 14,-

189 2693 408 2748 Syncellus
451 2694 592 2737 chron.
629 2710 678 2750 p.
710 2698 806 2746 625,
842 2698 871 2738 3
915 2696 963 2750 (s.
1006 2710 1045 2738 a.
1087 2696 1236 2738 mundi
1271 2699 1382 2738 5537
1408 2715 1465 2730 ε
1496 2710 1543 2750 p.
1583 2695 1629 2739 C.
1660 2697 1731 2750 37)
1777 2696 1912 2737 citans

188 2761 484 2813 Plutarchum,
505 2763 552 2805 in
572 2764 690 2806 cuius
714 2764 885 2818 scriptis
898 2764 1194 2817 superstitibus
1213 2763 1323 2806 nihil
1342 2763 1391 2806 de
1410 2763 1486 2805 hoc
1505 2763 1670 2806 homine
1690 2763 1910 2816 reperitur.

188 2829 389 2873 Eundem
417 2838 630 2874 memorat
654 2831 860 2875 Boethius
889 2832 940 2875 cle
969 2832 1121 2875 consol.
1144 2832 1301 2886 philos.
1324 2833 1359 2875 I
1371 2846 1489 2887 pros.
1519 2836 1558 2874 3.

105 2899 185 2941 166
215 2897 350 2940 Iulius
381 2897 585 2955 Capellus
613 2897 692 2951 (sic
720 2901 791 2942 vit.
824 2914 858 2943 c.
881 2901 937 2951 9),
969 2899 1138 2956 Antylli
1169 2900 1283 2942 filius
1315 2899 1398 2952 (vit.
1432 2915 1464 2944 e.
1496 2904 1550 2942 13
1560 2914 1573 2951 ,·
1609 2914 1709 2942 nam
1738 2899 1910 2941 eundem

187 2967 428 3021 siynificari
441 2982 581 3022 paene
604 2971 760 3011 certum
780 2971 869 3026 est),
892 2968 1170 3023 Tiberiensis,
1192 2968 1396 3011 Romanis
1420 2969 1548 3010 fidem
1571 2983 1744 3010 servare
1767 2967 1910 3009 studet

187 3034 390 3089 Iosephus
417 3036 489 3079 vit.
521 3050 556 3078 c.
577 3040 615 3079 9.
645 3039 714 3080 12.
745 3040 811 3079 13.
841 3040 909 3080 57.

105 3102 184 3145 167
215 3103 271 3147 D.
300 3102 441 3146 Iulius
471 3104 639 3161 Capito.
709 3105 845 3148 Tituli
875 3106 1135 3156 Viennenses,
1166 3105 1274 3148 XII
1295 3109 1403 3149 1869
1434 3107 1505 3160 (1).
1547 3109 1656 3147 1870
1686 3105 1761 3157 (2).
1802 3107 1909 3146 1855

187 3170 414 3225 acephalus
443 3172 502 3214 ad
527 3172 638 3215 hunc
666 3173 827 3215 relatus
857 3188 885 3215 a
914 3174 1100 3216 Reniero
1127 3173 1340 3228 melanyes
1369 3173 1656 3227 d'epiyraphie
1677 3188 1724 3226 p.
1751 3176 1804 3213 64
1835 3170 1907 3225 (3).

187 3237 242 3282 D.
274 3239 304 3283 f.
335 3242 364 3282 t.
395 3243 435 3282 1.
465 3244 509 3284 2.
567 3241 706 3284 Tribu
736 3241 857 3296 Vol„
899 3243 1066 3296 origine
1095 3242 1378 3294 Viennensis3
1420 3241 1533 3282 domi
1566 3241 1718 3282 flamen
1750 3241 1906 3282 Iuven-

186 3308 311 3361 tutis,
345 3308 546 3351 triumvir
574 3308 765 3352 locorum
795 3310 1070 3366 publicorum
1101 3309 1519 3366 persequendorum,
1552 3309 1711 3350 duovir
1751 3310 1902 3358 aerari,

186 3388 328 3432 augur
357 3378 385 3419 t.
407 3379 444 3421 1.
464 3379 507 3420 2.
567 3377 818 3422 Praefectus
849 3378 1022 3422 fabrum
1054 3382 1081 3422 t.
1103 3382 1141 3420 1.
1163 3381 1205 3423 2.
1264 3377 1486 3420 Tribunus
1518 3376 1603 3421 mil.
1633 3376 1713 3431 leg.
1746 3377 1790 3419 Π
1817 3376 1901 3418 Ad-
