2202 3724
245 324 461 360 MARclvs
1100 313 1183 369 336
1824 320 2043 357 MARclvs

328 467 411 495 non
453 450 685 493 Misenensi
721 449 784 491 vel
822 449 1086 498 Ravennati,
1133 447 1207 490 sed
1245 449 1284 490 ei
1320 462 1426 502 quae
1466 449 1769 503 expeditionem
1807 450 2048 493 Asiaticam

332 519 584 563 Caracallae
605 515 926 570 comitabatur)‚·
947 531 1033 557 non
1054 517 1231 570 ignarus
1252 516 1395 558 caedis
1418 516 1667 560 caracallae
1686 519 1757 560 vit.
1776 517 1926 561 Carae.
1947 522 1985 569 6,
2009 522 2046 561 7.

329 590 369 631 A
400 587 592 629 Macrino
629 586 816 641 primum
857 585 1130 638 Pannoniae,
1173 584 1329 626 deinde
1358 585 1523 627 Daciae
1563 585 1806 642 praefectus
1834 586 1923 628 Dio
1954 586 1981 629 l.
2013 600 2046 630 c.
2091 578 2093 580 ¹

333 656 426 699 Una
456 668 548 696 cum
579 653 724 695 Dacia
751 652 915 694 videtur
944 653 1100 694 rescisse
1135 652 1262 694 etiam
1294 653 1506 696 Moesiam
1534 654 1801 708 inferiorem,
1843 655 1897 708 cf.
1927 655 2050 709 infra

329 723 554 776 Marc(ius)
587 721 830 775 Claud(ius)
861 716 1072 776 Agrippa.

247 794 326 836 159
356 796 575 832 MARCIVS
606 795 786 831 AVITVS
820 795 993 845 praetor
1023 789 1251 844 (urbanus)
1292 789 1372 831 sub
1407 790 1628 832 Antonino
1661 790 1776 845 (Pio)
1814 789 2048 832 Marcellus

327 860 428 913 ΒΨ.
449 863 487 909 4,
511 862 549 908 1,
574 861 609 901 7.

247 930 326 971 160
358 935 400 978 Q.
433 932 652 967 MARCIVS
693 931 863 965 BAREA
904 924 950 966 O.
983 924 1012 967 f.
1045 924 1324 979 (praenomen
1355 926 1504 980 patris
1534 925 1639 968 dant
1667 926 1783 968 tituli
1810 925 2046 980 Africam),

328 996 376 1040 C,
418 1010 458 1036 n.
511 994 581 1048 (cf.
631 994 705 1035 sub
755 993 846 1047 filio
901 993 948 1045 Q.
1001 993 1174 1035 Marcio
1223 993 1373 1036 Barea
1423 993 1579 1048 Sura),
1631 994 1780 1037 consul
1829 994 1922 1036 suff.
1967 993 2047 1035 sub

327 1064 502 1105 Tiberio
534 1076 631 1103 cum
661 1061 711 1102 T.
733 1061 885 1108 Rustic
907 1061 1110 1103 Nummio
1143 1060 1268 1104 Gallo
1302 1062 1370 1104 VI
1383 1065 1479 1105 244.
1534 1061 1590 1104 A.
1621 1064 1675 1104 18
1703 1062 1888 1105 consules
1917 1062 2048 1116 fuisse
2083 1102 2094 1118 0

327 1132 517 1173 Baream
547 1133 585 1171 et
607 1129 852 1171 Nummium
881 1128 1055 1170 Gallum
1084 1130 1235 1172 statuit
1253 1129 1512 1184 Boryliesius
1542 1131 1596 1184 cf.
1618 1129 1790 1172 Henzen
1821 1143 1919 1172 ann.
1949 1130 2047 1172 inst.

328 1202 432 1241 1855
455 1213 500 1252 p.
524 1202 592 1247 14,
636 1197 693 1239 ad
727 1196 900 1239 Gallum
930 1198 1116 1251 referens
1144 1198 1392 1240 versiculum
1427 1202 1655 1241 extremum
1684 1199 1894 1252 fastorum
1921 1198 2048 1240 Anti-

329 1269 460 1310 atium
501 1265 635 1321 (CIL.
668 1266 701 1308 I
723 1266 785 1308 ed.
816 1269 848 1308 2
876 1280 921 1319 p.
956 1269 1098 1309 72:
1126 1266 1175 1308 X
1201 1266 1336 1321 6639),
1375 1267 1452 1309 ubi
1490 1270 1550 1309 est
1590 1267 1752 1309 ...ius
1790 1265 1904 1310 Gall.
1963 1266 2050 1310 Sed

327 1334 651 1390 proconsulatus
689 1337 869 1388 tempore
907 1334 1070 1376 videtur
1099 1335 1298 1385 indicari,
1330 1335 1521 1378 Baream
1560 1335 1767 1377 consulem
1803 1335 1934 1389 fuisse
1969 1335 2048 1377 ali-

329 1407 483 1458 quanto
520 1406 621 1457 post
666 1416 824 1444 annum
861 1405 936 1453 18,
983 1403 1166 1456 fortasse
1209 1404 1325 1445 circa
1368 1419 1407 1446 a.
1445 1407 1515 1447 32.
1594 1402 1833 1445 Proconsul
1873 1402 2048 1445 Africae

326 1488 363 1516 a.
386 1487 425 1528 p.
449 1471 497 1514 C.
520 1472 573 1513 42.
596 1470 712 1512 tituli
725 1470 933 1524 Africani
953 1471 1077 1513 VIII
1090 1471 1136 1515 S.
1154 1470 1381 1524 11002(=
1397 1471 1508 1526 Eph.
1529 1475 1564 1522 7,
1582 1472 1638 1526 1).
1659 1469 1892 1523 19492(Ξ
1908 1472 2045 1527 6987).

329 1539 655 1593 Quindecimvir
684 1539 817 1580 sacris
849 1538 1073 1593 faciundis,
1110 1539 1266 1582 fetialis
1296 1540 1436 1582 iidem.
1909 1569 1911 1571 ·
2076 1578 2092 1586 ..

246 1611 320 1652 161
356 1616 398 1659 Q.
430 1613 649 1649 MARCIVS
690 1613 859 1648 BAREA
901 1613 1027 1648 SVRA
1073 1607 1125 1660 Q.
1165 1608 1193 1650 f.
1232 1608 1364 1663 (filius
1403 1608 1495 1650 sine
1535 1608 1663 1650 dubio
1698 1608 1787 1650 eius
1817 1599 1888 1661 qui
1917 1621 2047 1661 prae-

329 1677 464 1733 cedit),
498 1675 546 1719 C.
579 1691 633 1730 n.‚
667 1674 715 1720 C.
747 1682 790 1717 et
821 1676 992 1718 Gemini
1025 1675 1174 1718 Artori
1205 1691 1419 1732 pronepos
1450 1679 1479 1719 t.
1503 1677 1707 1726 urbanus,
1740 1675 1910 1718 Notizie
1939 1675 2050 1730 deyli

327 1746 442 1787 scavi
470 1746 577 1786 1880
601 1758 647 1797 p.
671 1747 750 1785 133
779 1763 834 1777 =
862 1743 1032 1786 Dessau
1061 1745 1187 1786 inser.
1218 1744 1290 1788 sel.
1321 1746 1401 1787 953
1440 1745 1502 1800 (in
1539 1744 1672 1787 altero
1713 1744 1834 1786 titulo
1869 1743 2050 1786 eiusdem

327 1813 518 1867 sepulcri,
553 1811 720 1854 Notizie
742 1811 767 1854 l.
791 1826 823 1853 c.
847 1827 895 1866 p.
917 1807 1008 1863 1'35,
1041 1813 1113 1866 qui
1139 1813 1384 1854 nominatur
1407 1812 1460 1865 Q.
1482 1813 1524 1867 f.,
1555 1812 1604 1857 C.
1636 1827 1690 1866 n.‚
1724 1811 1773 1855 C.
1805 1818 1847 1854 et
1875 1811 2047 1855 Gemini

327 1882 487 1936 [Artori
518 1880 769 1936 pronepos],
811 1883 909 1922 teste
948 1881 1165 1923 Lanciani
1205 1882 1258 1923 ab
1298 1881 1374 1923 hoc
1405 1881 1593 1923 diversus
1621 1881 1730 1935 fuit‚·
1770 1881 1929 1923 scilicet
1965 1894 2048 1922 non

330 1950 526 1992 Marcius
555 1949 628 1991 secl
657 1948 936 2005 [Sulp]icius).
996 1949 1122 1992 Uxor
1151 1949 1343 1991 Antonia
1381 1949 1578 1992 Furnilla
1606 1950 1664 1991 ib.
1724 1948 1857 1991 Pater
1888 1962 1938 1991 cx
1968 1948 2049 1990 hac

325 2019 413 2059 sinc
449 2018 576 2059 dubio
616 2017 813 2060 Marciae
853 2017 1100 2069 Furnillae‚·
1141 2033 1247 2072 quac
1292 2032 1384 2060 cum
1425 2019 1517 2061 Tito
1556 2018 1746 2072 nupserit
1786 2020 1883 2059 ante
1924 2017 2049 2059 huius

327 2089 595 2140 quaesturam
634 2086 680 2128 id
719 2089 778 2127 est
814 2090 920 2129 certe
951 2090 1048 2129 ante
1078 2101 1235 2128 annum
1264 2090 1338 2138 65,
1379 2087 1468 2141 ipse
1505 2090 1632 2129 natus
1662 2099 1747 2129 esse
1773 2085 1938 2128 videtur
1965 2098 2048 2127 non

322 2144 421 2208 post
442 2168 598 2196 annum
617 2157 683 2196 45.
707 2179 759 2184 —
781 2154 986 2197 Fortasse
1005 2155 1121 2209 filius
1142 2156 1231 2197 eius
1252 2155 1364 2198 Sura
1384 2158 1636 2197 memoratus
1657 2155 1703 2197 in
1722 2153 1906 2209 frustulo
1936 2153 2051 2195 tituli

331 2223 510 2264 ciusdem
554 2223 758 2276 sepulcri,
804 2223 1024 2277 defunctus
1067 2224 1216 2277 infans
1257 2224 1321 2266 vel
1365 2224 1626 2274 adulescens,
1679 2237 1771 2265 cum
1815 2222 1920 2264 anni
1961 2221 2050 2266 cius

323 2294 527 2333 notentur.
561 2316 611 2320 ———
653 2291 793 2333 Plane
831 2292 1036 2333 incertum
1072 2306 1173 2334 num
1209 2292 1334 2334 huius
1362 2291 1534 2334 Bareae
1564 2292 1703 2335 Surae
1742 2291 1879 2344 frater
1908 2290 2049 2332 Barea
2073 2317 2076 2323 ·

330 2360 518 2400 Soranus
550 2359 697 2400 consul
738 2360 831 2401 suff.
870 2375 906 2403 a.
944 2360 1020 2414 52,
1061 2360 1169 2401 mori
1209 2360 1388 2402 adactus
1428 2375 1526 2402 cum
1566 2358 1751 2402 Servilia
1791 2357 1882 2400 filia
1920 2373 1958 2400 a.
1993 2358 2048 2400 6ss

332 2428 428 2469 Tac.
450 2441 489 2468 a.
511 2429 580 2477 12,
602 2430 666 2469 53.
698 2430 762 2477 16,
783 2430 836 2470 30
858 2431 929 2469 cet.
962 2427 1032 2483 (cf.
1058 2428 1134 2470 sub
1165 2428 1344 2484 Barea).

246 2497 326 2538 162
357 2502 408 2539 M.
440 2501 659 2536 MARolvs
691 2502 852 2537 BIETls
885 2502 1109 2537 GLAvovs
1151 2497 1210 2539 M.
1243 2497 1286 2547 f.,
1317 2496 1615 2553 Lilybitanus,
1647 2502 1855 2553 patronus
1885 2493 2047 2551 Lilybi-

330 2571 550 2617 tanorum,
593 2564 707 2605 tribu
749 2563 954 2619 Claudia,
997 2579 1106 2621 equo
1148 2565 1321 2621 publico
1363 2571 1618 2620 exornatus,
1660 2570 1783 2620 pater
1815 2563 2047 2615 senatorisz,

330 2631 590 2673 clarissimus
611 2633 689 2686 vir,
714 2632 906 2674 adlectus
927 2634 1039 2675 inter
1064 2633 1317 2676 tribunicios
1338 2634 1393 2676 ab
1414 2635 1515 2690 imp.
1540 2632 1773 2676 Commodo
1803 2632 1867 2675 tit.
1887 2630 2048 2685 Lilybi-

331 2703 456 2741 tanus
484 2699 542 2741 X·
560 2703 685 2742 7237.

246 2768 326 2810 163
359 2773 398 2811 c,
420 2773 637 2809 MARCIVS
661 2774 971 2812 CENSORINVS
994 2785 1077 2814 cos.
1101 2786 1138 2814 a.
1158 2786 1199 2813 u.
1222 2786 1257 2813 o.
1276 2771 1372 2813 746.
1408 2770 1545 2813 Tituli
1562 2769 1760 2823 Aquinas
1779 2768 1828 2811 X
1845 2770 1953 2811 5396
1973 2766 2045 2823 (1),

331 2836 577 2889 Mylasenus
595 2836 663 2878 CI
664 2836 740 2879 Gr.
757 2838 892 2879 2698‘1
907 2838 982 2892 (2),
1006 2839 1290 2893 Peryamenus
1309 2838 1496 2889 mutilus,
1514 2853 1582 2893 ap.
1599 2837 1790 2880 Franlcel
1809 2851 1848 2879 n.
1861 2839 1952 2880 422
1966 2835 2048 2893 (3),·

332 2907 558 2959 praeterea
600 2909 856 2946 memoratur
899 2907 944 2947 in
989 2907 1123 2960 cippis
1165 2908 1356 2949 urbanus
1396 2906 1464 2949 VI
1485 2908 1694 2956 1235“-”“,
1739 2905 1907 2948 Notizic
1935 2906 2047 2947 1891

330 2986 379 3026 p.
400 2974 478 3013 165
500 2971 571 3027 (4).
621 2973 795 3014 Nummi
814 2975 951 3027 (aenei
972 2974 1148 3028 omnes):
1178 2974 1318 3017 Cohen
1337 2975 1514 3017 Marcia
1532 2977 1694 3018 27-29,
1745 2974 1850 3016 Tria
1874 2972 2047 3015 nomina

331 3039 523 3081 exhibent
543 3042 570 3081 t.
592 3043 631 3082 1.
650 3043 693 3082 2.
713 3044 751 3082 4.
771 3067 822 3071 -
840 3041 890 3084 L.
913 3041 941 3083 f.
965 3045 992 3083 t.
1014 3046 1053 3084 1.
1071 3046 1098 3084 4
1121 3046 1159 3084 ct
1178 3043 1350 3094 nummi,
1372 3043 1421 3086 L.
1445 3057 1486 3084 n.
1510 3046 1537 3086 t.
1558 3046 1597 3084 4.
1642 3041 1786 3084 Filius
1809 3041 1898 3083 sine
1919 3040 2047 3082 dubio

330 3107 419 3149 eius
448 3107 521 3161 qui
548 3108 746 3161 sequitur.
808 3108 1030 3150 Triumvir
1061 3110 1287 3152 monetalis
1318 3125 1405 3152 non
1433 3110 1619 3152 multum
1646 3116 1744 3166 post
1772 3122 1934 3151 annum
1963 3107 2046 3150 739

329 3175 400 3229 (cf.
430 3175 664 3217 Mommsen
693 3175 788 3218 hist.
810 3190 962 3220 numm.
987 3192 1034 3231 p.
1059 3181 1137 3220 '744
1165 3181 1250 3221 not.
1272 3181 1341 3235 15)
1361 3179 1533 3221 nummi.
1578 3178 1734 3233 Augur
1754 3180 1782 3221 t.
1803 3181 1842 3228 1,
1872 3176 2045 3219 nummi.

329 3242 490 3286 Consul
519 3258 556 3285 a.
588 3258 631 3287 u.
662 3258 698 3285 c.
731 3244 813 3285 746
841 3259 938 3286 cum
966 3244 1013 3297 C.
1042 3245 1194 3288 Asinio
1226 3245 1352 3289 Gallo
1382 3247 1501 3300 fasti.
1551 3245 1712 3289 Consul
1742 3260 1799 3288 ex
1828 3260 1861 3287 s.
1892 3259 1929 3287 c.
1959 3258 2047 3287 una

331 3326 428 3353 cum
468 3310 632 3366 collega
668 3312 783 3367 ripas
814 3312 984 3354 Tiberis
1020 3314 1312 3356 terminandas
1343 3321 1466 3357 curat
1495 3317 1524 3356 t.
1553 3317 1593 3357 3.
1652 3311 1884 3356 Proconsul
1913 3311 2046 3355 Asiae

328 3382 375 3421 ut
403 3378 566 3421 indicat
596 3382 622 3422 t.
654 3382 687 3422 2
716 3380 769 3433 cs.
802 3383 829 3423 t.
861 3383 899 3421 3.
960 3381 1186 3424 Laudatur
1222 3397 1248 3423 a
1277 3382 1448 3425 Iudaeis
1477 3382 1609 3425 Asiae
1647 3381 1764 3438 apud
1798 3381 2044 3436 Augustum
