2210 3698
280 282 449 318 DIDIVS
1154 276 1206 317 12
1845 282 2080 318 DIGNITAS

271 2051 326 2091 (59

366 414 415 456 P.
447 411 603 455 Helvio
636 413 861 456 Pertinace
899 412 970 453 vit.
1001 416 1043 461 2,
1074 415 1112 461 3,
1146 412 1215 453 υἰέ.
1248 411 1368 454 Pcrt.
1400 415 1464 461 14,
1494 415 1534 462 5,
1577 425 1688 454 anuo
1727 414 1806 454 175
1836 415 1912 454 aut
1931 413 2082 467 paullo

363 484 489 523 autea
529 481 638 534 (vide
679 482 726 523 P.
759 479 941 522 Helvius
982 480 1222 533 Pertinax).
1289 478 1356 533 Of.
1388 480 1444 533 fr.
1478 480 1570 522 Vat.
1601 484 1708 523 203:
1746 479 1873 522 divus
1907 481 2080 523 Marcus

362 549 578 590 Pertinaci
610 555 651 590 et
680 548 862 590 Aeliano
893 547 990 601 (scr.
1018 546 1204 601 Iuliano)
1235 562 1372 589 conss.
1405 549 1635 604 rescripsit.
1689 549 1960 604 Rescriptum
1989 548 2079 590 divi
2140 568 2151 577 -’

363 617 499 658 Marci
521 616 575 658 ad
597 631 694 658 eum
715 615 817 670 Diy.
838 619 909 666 28,
932 619 969 666 1,
992 619 1062 666 20,
1085 620 1124 658 9.
1184 615 1375 670 Legatus
1406 631 1482 672 pro
1514 632 1577 673 pr.
1608 615 1852 658 Dalmatiae
1880 617 1950 658 vit.
1972 620 2010 666 1,
2033 621 2082 667 9;

365 688 391 726 t.
424 688 460 726 1.
508 685 699 739 Legamus
731 699 808 740 pro
839 699 902 740 pr.
935 684 1194 728 Germaniae
1223 683 1438 726 inferioris
1467 685 1538 726 vit.
1560 688 1597 734 1,
1630 688 1680 735 9‚·
1710 688 1737 726 t.
1768 689 1799 727 2
1829 685 1858 738 (.
1882 718 1891 727 .
1915 721 1924 729 .
1954 684 2080 740 [Ger-

363 752 548 807 man]iae
579 755 606 794 t.
637 753 691 804 1).
743 751 993 794 Praefectus
1015 751 1316 794 alimentorum
1343 750 1414 806 (cf.
1437 752 1685 806 Hirschfeld
1715 752 1843 795 Verre.
1866 756 1891 794 1
1913 768 1960 807 p.
1983 756 2080 809 116)

359 821 430 862 vit.
461 825 503 870 2,
535 824 560 862 1
591 819 687 872 (om.
721 824 748 863 t.
781 823 835 877 1).
899 820 1039 862 ‘Tunc
1078 819 1216 862 factus
1258 827 1322 862 est
1360 836 1458 862 reus
1498 835 1576 876 per
1614 821 1829 876 quendam
1870 820 2080 863 Severum

362 888 657 931 Clarissimum
679 889 737 943 (5²)
768 888 948 931 militem
979 889 1286 930 coniurationis
1317 903 1413 930 cum
1436 888 1582 932 Salvio
1608 896 1757 930 contra
1779 888 2075 931 Commodum‘

361 957 432 998 frit.
462 960 513 1006 2,
546 961 594 1007 1;
628 957 851 999 absolutus
885 958 964 1008 e·b.;
998 956 1309 999 Mediolanium
1340 957 1553 1012 relegatus
1583 958 1671 1000 Dio
1699 961 1761 1007 73,
1792 960 1844 999 11
1875 955 1978 1010 (uisi
2005 957 2081 999 hoc

359 1028 519 1079 spectat
547 1025 605 1067 ad
634 1025 753 1067 aliud
782 1028 956 1082 tempus)
1019 1024 1269 1068 ‘Absolutus
1292 1026 1447 1068 iterum
1468 1026 1523 1068 ad
1553 1026 1786 1081 regendam
1814 1026 2079 1082 provinciam

362 1094 517 1135 missus
549 1100 634 1148 est3
665 1094 916 1150 Bithyniam
947 1093 1103 1135 deinde
1134 1094 1261 1136 rexit‘
1289 1094 1355 1135 cit.
1377 1098 1419 1144 2,
1442 1099 1496 1145 2;
1526 1094 1607 1149 leg.
1633 1094 1745 1148 Aug.
1773 1109 1850 1150 pro
1870 1109 1934 1150 pr.
1958 1108 2078 1149 prov.

361 1162 484 1204 Ponti
516 1167 557 1204 et
576 1162 807 1218 Bithyniae
838 1165 866 1204 t.
889 1166 926 1204 1.
985 1161 1220 1204 Proconsul
1251 1161 1424 1204 Africae
1456 1166 1483 1204 t.
1516 1167 1563 1214 1,·
1598 1164 1668 1205 vit.
1698 1167 1740 1212 2,
1772 1166 1822 1213 3;
1861 1177 2081 1204 successor

363 1231 601 1272 Pertinacis
640 1231 711 1272 vit.
743 1236 785 1281 2,
817 1235 865 1282 3,·
903 1231 975 1273 vit.
1008 1230 1123 1272 Pcrt.
1155 1234 1219 1281 14,
1251 1233 1289 1281 5,
1329 1245 1440 1273 anuo
1480 1230 1607 1275 19112
1646 1234 1720 1273 aut
1752 1229 1902 1285 paullo
1939 1234 2077 1272 antea.

361 1298 510 1354 (Apud
552 1314 650 1340 cum
682 1305 907 1341 accusatus
938 1298 1137 1340 adulterii
1169 1299 1403 1355 Septimius
1435 1299 1624 1342 Severus
1654 1299 1980 1342 adulescenset
2007 1299 2077 1340 ab—

361 1367 524 1409 solutus
565 1368 636 1409 vit.
671 1368 762 1410 Ser.
795 1372 837 1418 2,
868 1372 910 1418 2,
942 1367 1063 1417 male,
1105 1368 1181 1409 ubi
1209 1371 1432 1421 practerea
1461 1368 1570 1410 male
1603 1367 1851 1422 perhibetur
1881 1368 2080 1410 Severum

360 1435 526 1477 Iuliani
563 1437 608 1478 ‘iu
647 1436 867 1478 consulatu
905 1436 1036 1489 luisse
1073 1436 1271 1490 colleyam
1306 1440 1346 1478 ct
1373 1437 1419 1478 iu
1453 1436 1754 1490 proconsulatu
1791 1449 2076 1478 successorem.

360 1503 674 1557 Hz‘rschfcldius
709 1504 876 1547 Wiener
907 1503 1084 1547 Studien
1115 1509 1152 1554 6,
1184 1508 1292 1546 1884
1321 1519 1370 1558 p.
1403 1508 1487 1547 123
1515 1505 1690 1547 coniecit
1719 1504 1971 1558 Septimium
2004 1503 2077 1546 Sc-

360 1586 499 1614 cerum
523 1572 759 1614 absolutum
780 1586 864 1614 cssc
886 1588 913 1613 a
934 1572 1105 1614 Iuliam)
1128 1575 1359 1629 praetore.)
1391 1573 1544 1615 Occiso
1565 1573 1791 1614 Pertinace
1810 1572 1851 1614 d.
1872 1573 1927 1614 28
1948 1572 2076 1614 Mart.

361 1641 442 1682 193
473 1655 499 1682 a
529 1641 811 1696 praetorianis
836 1641 881 1683 in
913 1647 1055 1682 castra
1083 1640 1293 1682 admissus
1325 1647 1367 1683 ct
1396 1642 1630 1697 imperator
1660 1640 1881 1685 salutatus.
1941 1640 2078 1682 Prac-

359 1709 513 1761 scctum
550 1708 723 1763 viglilum
762 1723 853 1750 cum
896 1709 1026 1762 fuisse
1071 1723 1116 1750 co
1162 1711 1343 1763 tempore
1385 1709 1448 1751 ait
1486 1709 1628 1751 Victor
1669 1708 1788 1751 Caes.
1829 1712 1904 1759 19,
1954 1709 2076 1751 male.

359 1777 538 1819 Occisus
565 1776 606 1819 d.
642 1777 662 1819 1
696 1778 790 1819 Iun.
825 1777 919 1819 193.
954 1801 1003 1808 —
1038 1778 1149 1819 Iuris
1179 1778 1342 1833 peritus
1354 1810 1363 1831 ‚
1407 1778 1570 1833 primus
1608 1776 1797 1819 edictum
1836 1778 2077 1832 composuit

362 1845 502 1887 Victor
538 1845 656 1888 Caes.
688 1848 740 1887 19
772 1845 1028 1899 cmtsuudcus
1059 1859 1150 1887 cum
1180 1859 1272 1887 cum
1307 1859 1408 1897 av0,·
1448 1847 1541 1887 iure
1582 1846 1865 1901 peritissimus
1895 1845 2076 1900 Eutrop.

357 1916 405 1963 8,
437 1916 494 1955 17
531 1911 602 1965 (=
642 1913 784 1956 Victor
822 1928 884 1968 ep.
915 1916 998 1970 19),
1039 1914 1116 1956 hoc
1154 1928 1313 1968 quoquc
1350 1914 1421 1956 vix
1458 1917 1578 1957 recte.
1623 1938 1681 1943 —
1730 1914 1875 1956 Uxor:
1915 1913 2078 1955 Manlia

358 1980 578 2025 Scantilla.

356 2056 498 2091 DIDIA
531 2056 706 2104 CLARA,
740 2050 862 2092 Didii
889 2050 1047 2092 Iuliani
1079 2050 1178 2092 filia.
1226 2051 1395 2092 Patrem
1430 2051 1582 2092 incitat
1613 2065 1698 2092 una
1729 2065 1827 2092 cum
1857 2055 1992 2092 matre
2020 2049 2074 2092 ad

358 2119 585 2174 imperium
614 2119 891 2161 ambiendum
921 2119 1077 2161 Herod.
1099 2122 1142 2169 2,
1165 2123 1203 2169 6,
1228 2123 1255 2161 7
1282 2116 1371 2173 (qui
1398 2132 1547 2160 nomeu
1575 2133 1660 2161 uou
1678 2119 1834 2174 pouit).
1878 2118 2076 2173 Augusta

357 2202 383 2228 a
425 2194 577 2229 senatu
620 2187 836 2243 appellata
878 2188 949 2229 vit.
987 2187 1091 2229 Did.
1132 2187 1216 2230 Iul.
1250 2191 1300 2238 3‚·
1340 2188 1501 2229 nummi
1539 2202 1607 2241 [1]).
1648 2187 1807 2229 Eclchcl
1847 2190 1874 2228 7
1903 2201 1950 2240 1).
1983 2189 2072 2236 151,

364 2254 531 2297 Colecu²
553 2256 641 2298 III
646 2270 693 2310 1).
711 2259 804 2298 403.
836 2256 1118 2312 Emancipata
1138 2271 1163 2297 a
1182 2262 1304 2312 patre
1325 2255 1424 2298 dato
1446 2256 1713 2311 patrimonio,
1736 2254 1851 2311 quod
1873 2256 1912 2297 ei
1933 2255 2074 2296 occiso

357 2329 479 2379 patre
510 2339 597 2365 una
626 2339 724 2366 cum
753 2323 978 2378 Augustae
1018 2325 1189 2365 nomine
1228 2323 1420 2366 ablatum
1450 2324 1520 2365 vit.
1549 2323 1632 2365 Iul.
1662 2327 1703 2366 8.
1756 2324 1938 2366 Maritus
1969 2323 2073 2366 Cor-

357 2391 495 2434 nelius
525 2393 791 2448 Repentinus
820 2392 892 2434 vu.
916 2392 1000 2434 Iul.
1031 2396 1069 2442 3,
1101 2395 1152 2443 6,·
1181 2396 1220 2443 8,
1253 2396 1290 2434 6.
1314 2418 1365 2423 -
1392 2392 1483 2434 Vix
1513 2391 1619 2433 haec
1649 2391 1737 2433 filia
1765 2391 1923 2434 Iuliani
1945 2406 2074 2447 quam

358 2461 392 2501 is
424 2461 661 2516 imperante
695 2461 921 2502 Pertinace
961 2459 1256 2516 despondebat
1294 2460 1439 2502 fratris
1480 2459 1564 2502 filio
1603 2461 1674 2502 vit.
1707 2459 1821 2502 Pcrt.
1853 2463 1925 2510 14,
1957 2464 1984 2502 4
2017 2460 2071 2513 cf.

356 2529 425 2570 vit.
458 2529 541 2571 Iul.
572 2533 613 2579 2,
645 2532 684 2570 3.

274 2597 328 2638 70
359 2604 501 2638 DIDIA
534 2604 776 2648 QVINTINA
805 2612 915 2639 uxor
944 2597 994 2639 L.
1026 2597 1210 2639 Vctinae
1242 2597 1378 2639 Prisci
1409 2596 1540 2651 legati
1570 2597 1649 2638 XI
1671 2599 1791 2639 1773.

274 2697 323 2740 71

358 2698 595 2754 Didymus,
637 2698 800 2741 Tiberii
841 2699 1046 2754 libertus,
1088 2699 1308 2741 custodiae
1338 2700 1473 2741 Drusi
1514 2700 1558 2740 in
1598 2698 1764 2741 Palatio
1805 2700 2074 2755 praepositus

363 2766 459 2808 Tac.
492 2782 590 2810 auu.
622 2772 659 2818 6,
690 2772 761 2811 24.

273 2841 325 2883 72
356 2841 508 2894 Diegis
549 2839 626 2893 (sic
664 2841 752 2883 Dio
793 2855 878 2883 cmc.
920 2841 1037 2891 Urs.;
1085 2842 1220 2895 Degis
1262 2841 1419 2897 Mart.)
1468 2840 1637 2894 Dacus,
1684 2841 1816 2882 frater
1853 2840 2072 2893 Decebali,

357 2909 513 2950 missus
543 2925 569 2951 a
597 2909 815 2951 Decebalo
837 2909 891 2951 ad
914 2909 1234 2951 Domitianum:
1265 2924 1362 2951 eum
1383 2909 1657 2951 Domitianus
1683 2908 1925 2951 diademate
1954 2909 2072 2963 regio

357 2977 528 3018 ornavit
557 2976 644 3019 Dio
675 2981 738 3027 67,
772 2981 800 3019 7
827 2978 882 3031 cf.
915 2977 1141 3019 Martialis
1168 2980 1207 3028 5,
1237 2982 1277 3020 3.

273 3050 325 3092 73
356 3057 400 3092 L.
433 3057 651 3092 DIGITIVS
683 3057 877 3105 BASSVS,
910 3051 1042 3092 frater
1070 3050 1245 3093 Arvalis
1273 3066 1311 3093 a.
1336 3051 1416 3093 145
1448 3053 1545 3093 actu
1568 3050 1672 3092 Are.
1705 3047 1826 3102 (bun.
1858 3050 2074 3092 comuualc

349 3121 458 3160 1886
477 3133 526 3172 p.
555 3121 665 3175 361).

272 3187 326 3229 74
355 3192 598 3228 DIGNILLA
637 3186 753 3228 Iunii
791 3186 981 3228 Pastoris
1022 3186 1226 3240 (consulis
1267 3202 1303 3229 a.
1348 3187 1446 3241 163)
1487 3201 1599 3228 uxor
1640 3189 1667 3228 t.
1712 3186 2073 3240 Moyuntiacmsis

354 3254 532 3296 Bramb.
564 3256 687 3297 1052.

359 3329 569 3364 COMINIA
599 3328 836 3364 VIPSANIA
866 3327 1115 3364 DIGNITAS.
