2202 3724
111 302 334 339 MARCIVS
977 296 1060 339 337
1700 302 1921 338 MARCIVS

197 433 363 488 Ioseph.
386 437 474 476 ant.
496 436 560 484 16,
585 437 622 485 6,
644 437 688 478 2.
739 433 846 477 Obit
866 435 910 476 in
930 433 1037 477 Asia
1057 433 1207 476 eodem
1228 433 1319 477 fere
1340 440 1535 491 tempore
1555 449 1640 491 quo
1660 434 1720 477 M.
1743 433 1922 489 Lollius,

198 503 225 545 i.
257 517 294 545 e.
325 517 437 544 anno
460 503 631 545 circiter
661 517 702 559 p.
726 502 774 547 C.
799 505 825 545 2
856 502 1034 546 Velleius
1052 506 1095 553 2,
1118 506 1218 546 102.
1271 503 1465 559 Mylasae
1494 502 1586 545 ludi
1616 502 1925 560 ((Κηνσορινῆα)

198 571 240 612 in
275 571 367 613 eius
397 570 602 613 honorem
632 571 853 613 constituti
886 574 913 615 t.
935 575 979 616 2.
1029 572 1246 614 Patronus
1270 570 1557 628 Aquinatium
1588 575 1617 614 t.
1638 575 1677 614 1.
1727 570 1798 614 Ad
1828 585 1926 613 eum

198 638 348 681 datum
393 639 565 681 Horatii
609 653 783 681 carmen
824 643 873 690 4,
910 642 950 683 8.
1022 639 1105 682 Vir
1149 639 1422 682 demerendis
1466 639 1711 682 hominibus
1755 640 1927 695 genitus

199 706 341 751 Vellei.
367 710 410 758 2,
437 711 535 750 102.

114 776 198 819 164
226 782 270 820 L.
291 782 514 818 MARCIVS
538 782 851 819 CENSORINVS
876 791 961 818 cos.
987 791 1024 818 a.
1048 792 1090 819 u.
1114 791 1150 818 c.
1174 777 1268 820 715.
1321 777 1428 819 Tria
1447 777 1622 820 nomina
1645 776 1802 819 habent
1820 776 1928 830 fasti

205 844 310 900 Cap.
334 847 373 887 et
386 844 538 895 Barb„
559 845 658 887 item
680 847 708 886 t.
725 844 996 887 Atheniensis
1018 844 1172 888 GIAtt.
1188 848 1227 895 3,
1250 848 1344 888 567.
1361 870 1418 875 -
1434 846 1484 887 L.
1507 845 1549 900 f.‚
1574 845 1623 888 C.
1641 860 1682 887 n.
1699 845 1806 899 fasti
1823 842 1925 899 Cap.

199 913 399 967 triumph.
459 913 518 955 M.
551 913 729 955 Antonii
760 913 934 955 adsecla
960 912 1048 956 Cic.
1081 913 1140 955 ad
1165 913 1258 957 Att.
1289 917 1354 964 14,
1377 917 1442 964 10,
1473 917 1516 964 2,
1549 913 1666 956 Phil.
1694 917 1759 964 11,
1790 916 1829 964 5,
1860 916 1926 956 11.

197 984 264 1032 11,
287 985 353 1032 14,
375 984 439 1024 36.
471 984 535 1032 13,
558 985 601 1032 2,
624 985 668 1032 2,
699 988 875 1038 praetor
904 981 1096 1024 urbanus
1127 997 1166 1024 a.
1189 982 1268 1024 711
1299 981 1388 1024 G'ic.
1411 981 1530 1026 Phil.
1553 986 1617 1033 11,
1637 983 1676 1033 5,
1698 986 1763 1025 11.
1824 982 1929 1024 Post

198 1063 392 1106 pugnam
423 1049 746 1107 Philippensem
775 1049 830 1092 ab
860 1049 1051 1092 Antonio
1083 1049 1567 1106 Graeciae-praefectus
1587 1050 1706 1094 Plut.
1731 1050 1834 1092 Ant.
1856 1052 1926 1093 24.

195 1118 326 1161 Circa
353 1118 456 1160 haee
487 1121 677 1173 tempora
704 1121 754 1160 ut
781 1118 947 1161 videtur
987 1133 1015 1160 a
1052 1122 1202 1161 senatu
1230 1118 1482 1161 Atheniensi
1508 1122 1653 1161 statua
1682 1118 1927 1169 honoratus,

197 1186 351 1231 OIAtt.
380 1190 420 1238 3,
451 1189 545 1232 567.
603 1187 713 1230 Item
740 1201 823 1242 per
851 1187 926 1229 hos
957 1201 1092 1231 annos
1130 1188 1296 1230 videtur
1333 1188 1534 1230 meruisse
1573 1187 1831 1242 triumphum
1863 1194 1930 1230 ‘ex

198 1255 488 1306 Macedonia’,
520 1255 570 1298 de
599 1269 678 1309 quo
708 1256 841 1310 infra.
892 1255 1055 1299 Consul
1085 1272 1124 1299 a.
1150 1272 1191 1301 u.
1224 1271 1260 1298 c.
1294 1257 1375 1299 715
1406 1271 1494 1298 una
1523 1271 1622 1298 cum
1655 1255 1702 1300 C.
1735 1255 1928 1299 Calvisio

200 1323 362 1366 Sabino
398 1324 517 1378 fasti.
585 1325 698 1380 Ipsis
737 1323 826 1368 kal.
865 1325 1081 1367 Ianuariis
1120 1324 1400 1381 triumphavit
1438 1339 1494 1366 ex
1530 1325 1787 1366 Macedonia
1827 1325 1928 1378 fast.

201 1392 400 1447 triumph.
423 1391 529 1447 Cap.
551 1392 620 1448 (O.
642 1393 677 1435 I
681 1407 729 1447 p.
744 1396 837 1443 461,
865 1393 926 1435 ecl.
948 1397 982 1436 2
999 1408 1049 1448 p.
1069 1393 1141 1447 50)
1163 1397 1203 1436 et
1221 1393 1358 1436 Barb.
1382 1393 1455 1448 (ib.
1468 1407 1516 1448 p.
1532 1395 1627 1443 478,
1650 1393 1712 1435 ecl.
1733 1397 1765 1436 2
1777 1407 1825 1447 p.
1843 1392 1926 1447 77).

199 1460 530 1514 Quindecimvir
559 1462 692 1503 sacris
722 1461 938 1503 faciundis
966 1466 1065 1504 acta
1095 1462 1290 1504 ludorum
1316 1461 1603 1504 saecularium
1634 1476 1673 1504 a.
1706 1465 1788 1503 737
1816 1475 1853 1504 v.
1874 1464 1929 1503 40

199 1528 328 1584 (Eph.
353 1542 415 1584 ep.
436 1532 465 1571 8
486 1543 534 1583 p.
550 1532 641 1572 238
671 1530 724 1583 cf.
744 1544 793 1584 p.
807 1529 922 1584 241),
953 1544 1054 1572 nam
1076 1530 1144 1572 hic
1163 1531 1253 1573 sine
1274 1530 1400 1573 dubio
1423 1530 1682 1584 intelleyz'tur
1701 1530 1753 1571 L.
1778 1529 1928 1572 Censo-

195 1587 330 1642 rinus.
362 1598 577 1640 Incertum
595 1601 739 1640 utrum
760 1598 813 1640 ab
837 1599 914 1641 hoc
935 1599 988 1641 L.
1011 1598 1240 1642 Censorino
1262 1613 1320 1641 an
1342 1599 1396 1640 ab
1420 1598 1506 1640 alio
1519 1602 1749 1652 praeterea
1770 1599 1927 1652 iynoto,
1962 1606 1968 1612 ·

197 1666 380 1720 fortasse
415 1670 564 1721 nepote
603 1668 713 1718 eiuS,
755 1668 1007 1710 manumissi
1044 1668 1095 1710 L.
1135 1667 1329 1710 Marcius
1368 1667 1595 1710 Censorini
1635 1667 1723 1722 lib.,
1765 1667 1931 1709 Marcia

199 1734 426 1777 Censorini
455 1734 530 1779 lib.
564 1735 633 1778 VI
649 1738 771 1779 5713.

115 1803 196 1844 165
226 1804 486 1858 MARC(IVS)
533 1805 819 1860 CLAVD(IVS)
869 1810 1089 1846 AGRIPPA
1132 1804 1300 1860 legatus
1346 1805 1537 1847 Moesiae
1583 1805 1799 1847 inferioris
1850 1804 1930 1846 sub

198 1871 394 1915 Macrino
421 1874 584 1915 nummi
617 1887 711 1915 eum
741 1873 954 1928 capitibus
985 1873 1183 1915 Macrini
1219 1874 1284 1916 vel
1309 1873 1649 1916 Diaduaneniani
1680 1873 1932 1915 Marciano-

195 1940 489 1995 politanorum
518 1942 656 1996 pauci
694 1940 873 1994 (Echhel
907 1955 1013 1984 mus.
1053 1941 1174 1984 Caes.
1205 1942 1240 1984 I
1261 1957 1310 1997 p.
1332 1945 1387 1985 55
1414 1956 1457 1985 n.
1479 1945 1550 1994 25,
1589 1942 1700 1985 unde
1739 1942 1933 1984 Mionnet

198 2009 335 2064 suppl.
365 2010 427 2052 II
446 2012 503 2052 88
530 2024 573 2052 n.
594 2013 705 2062 201,·
742 2009 851 2053 Pick
883 2010 1053 2054 Wiener
1081 2025 1194 2055 num.
1226 2010 1433 2053 Zc-itsehr.
1462 2015 1534 2062 23,
1566 2014 1675 2054 1891
1695 2026 1744 2065 p.
1765 2013 1836 2067 47)
1867 2012 1931 2054 in-

123 2091 136 2094 ’
197 2078 351 2132 scripti
367 2080 433 2120 ὑπ.
466 2076 654 2136 Ἀγρίππα
682 2078 1102 2136 Μαρκιανοπολειτῶν,
1135 2079 1535 2134 Nicopolitanorum
1555 2079 1775 2134 permulti,
1798 2079 1933 2134 pleri-

198 2159 277 2199 que
304 2147 502 2201 inscripti
529 2149 595 2190 ὑπ.
628 2146 815 2205 Ἀγρίππα
846 2146 1059 2200 (Μοηηεί
1087 2148 1122 2190 Ι
1141 2151 1235 2198 360,
1263 2152 1329 2199 40,
1361 2148 1498 2203 suppl.
1519 2149 1582 2191 II
1598 2152 1692 2198 147,
1722 2151 1803 2191 535
1824 2150 1930 2202 cet.),

198 2215 395 2258 nonnulli
417 2217 484 2258 ὑπ.
505 2215 639 2273 Μαρκ.
663 2214 849 2273 Ἀγρίππα
869 2216 933 2258 vel
953 2218 989 2259 ὑ.
1011 2215 1141 2259 Κλαυ.
1163 2215 1350 2274 Ἀγρίππα
1379 2216 1444 2258 vel
1473 2219 1509 2259 ὑ.
1531 2215 1581 2259 K.
1605 2215 1792 2274 Ἀγρίππα
1816 2216 1926 2259 Νικο-

201 2287 372 2328 πολιτῶν
403 2286 501 2341 πρὸς
522 2283 634 2341 Ἰστρ.
657 2283 728 2338 (cf.
751 2284 859 2327 Pick
883 2285 910 2327 l.
933 2299 966 2329 c.
989 2300 1038 2339 p.
1058 2287 1144 2341 48).
1190 2285 1410 2327 Marcium
1437 2284 1669 2328 Claudium
1689 2285 1930 2340 Ayrippam

201 2351 358 2394 dictum
396 2353 528 2406 fuisse
569 2367 620 2396 ea:
657 2353 725 2395 his
761 2354 946 2396 nummis
980 2353 1145 2408 colleyit
1172 2353 1433 2408 Boryhesius
1473 2368 1568 2408 opp.
1597 2357 1629 2397 2
1658 2368 1707 2407 p.
1740 2357 1842 2397 223.
1874 2379 1933 2384 —

201 2421 393 2463 Moesiae
403 2422 648 2476 praefuisse
667 2422 910 2477 Ayrippam
929 2422 1006 2464 sub
1027 2423 1153 2477 finem
1172 2423 1294 2477 reyni
1312 2423 1518 2473 Macrini,
1531 2425 1634 2477 post
1651 2421 1737 2465 Fu.
1754 2422 1932 2464 Pontia-

199 2503 303 2531 num
332 2487 482 2545 (supra
510 2490 558 2532 F
577 2493 675 2547 336)
706 2493 746 2533 et
776 2490 966 2534 Statium
995 2491 1247 2545 Lonqinum,
1280 2491 1456 2533 coniecit
1483 2490 1592 2533 Pich
1621 2491 1790 2534 Wiener
1817 2505 1930 2532 num.

203 2557 408 2600 Zeitschr.
438 2561 508 2609 23,
549 2561 659 2601 1891
692 2573 740 2613 p.
771 2562 839 2601 49.
912 2559 1014 2601 Non
1053 2558 1240 2601 diversus
1276 2562 1416 2601 autem
1452 2558 1617 2601 videtur
1656 2558 1721 2610 (ut
1759 2560 1934 2602 coniecit

200 2626 462 2682 Boryhesius
503 2641 596 2681 opp.
632 2630 671 2678 6,
703 2630 801 2670 265.
831 2630 871 2678 8,
902 2627 1001 2682 478)
1062 2627 1261 2670 Marcius
1290 2627 1491 2682 Ayrippa
1522 2628 1670 2683 (supra
1699 2642 1740 2671 n.
1760 2630 1871 2684 158),
1905 2642 1930 2669 a

202 2694 402 2738 Macrino
423 2696 614 2749 primum
634 2695 899 2746 Pannoniae,
924 2695 1072 2738 deinde
1091 2695 1260 2738 Dacia-e
1281 2696 1568 2750 praepositus,
1589 2699 1637 2738 ut
1655 2696 1781 2738 simul
1800 2697 1934 2750 fuerit

203 2762 366 2817 leyatus
387 2777 472 2818 pro
495 2778 566 2817 pr.
593 2763 762 2807 Daciae
791 2767 831 2807 et
859 2764 1050 2807 Moesiae
1078 2765 1311 2818 inferioris.

120 2832 201 2874 166
231 2832 281 2874 Ρ.
313 2831 504 2874 Marcius
535 2831 716 2888 Crispus
756 2832 966 2887 (Marcius
997 2846 1161 2887 persor.
1193 2836 1296 2883 412,
1327 2835 1557 2887 praeterea
1596 2833 1689 2887 M),
1732 2833 1931 2875 dominus

204 2899 452 2955 figlinarum
482 2900 645 2955 tequlae
672 2900 772 2943 XV
791 2904 1008 2944 409—412.
1066 2901 1272 2944 Fortasse
1303 2901 1508 2944 oriundus
1534 2902 1667 2956 stirpe
1694 2901 1831 2944 nobili
1860 2902 1931 2956 (ef.

201 2967 289 3011 Cic.
321 2967 439 3011 Phil.
465 2972 530 3020 11,
552 2972 623 3020 12,
642 2972 712 3020 30,
742 2969 830 3012 Dio
859 2973 927 3020 47,
957 2973 1020 3014 27
1046 2970 1152 3022 cet).

121 3037 201 3080 167
232 3036 459 3079 *Marcius
490 3037 664 3080 Diocles
701 3038 865 3094 (nomen
893 3052 978 3082 non
1008 3042 1186 3089 eertum,
1228 3039 1417 3082 traditur
1447 3039 1557 3082 enim
1586 3039 1735 3081 Marco
1767 3039 1932 3080 Diocae

204 3118 306 3147 casu
345 3105 485 3161 tertio)
515 3105 759 3162 praefectus
801 3121 998 3149 annonae
1045 3107 1124 3150 sub
1170 3107 1396 3150 Caracalla
1443 3107 1659 3161 Ulpianus
1698 3106 1747 3148 de
1791 3107 1932 3161 officio

206 3174 426 3228 praetoris
455 3173 664 3225 tutelaris,
696 3174 750 3228 fr.
782 3174 876 3218 Vat.
896 3178 994 3219 235.

122 3242 203 3285 168
235 3248 279 3293 Q.
309 3248 531 3284 MARCIVS
570 3248 937 3286 FAVSTINIANVS
972 3243 1087 3286 filius
1128 3243 1182 3297 Q.
1222 3244 1375 3287 Marcii
1406 3244 1597 3287 Victoris
1641 3250 1683 3285 et
1723 3242 1932 3286 Claudiae

207 3309 453 3365 Taurillaet,
494 3317 696 3367 quaestor
734 3313 985 3368 provinciae
1016 3311 1175 3369 Cypri,
1207 3312 1409 3355 tribunus
1440 3311 1599 3368 plebis,
1636 3310 1804 3366 legatus
1835 3325 1930 3367 pro-

207 3380 377 3422 vinciae
406 3379 597 3434 Africae,
628 3385 804 3436 praetor
829 3380 910 3423 XI
915 3381 1092 3425 V2931.
1142 3382 1274 3424 Pater
1302 3381 1492 3423 Marciae
1523 3379 1774 3422 Favonillae
1803 3380 1860 3422 ib.

191 3451 475 3488 Ptoaopossnphia
492 3451 576 3488 Imp.
594 3451 687 3480 Rom.
722 3451 767 3480 11.
1614 3447 1658 3482 22
