2190 3724
249 343 414 381 GALBA
1113 334 1194 377 106
1833 335 2055 374 GALERIA

248 502 306 507 —
336 482 378 520 G.
411 480 661 517 SVLPICIVS
693 479 871 514 GALBA.

162 564 166 568 ’
248 570 307 576 --
337 549 443 587 SER.
477 547 728 584 SVLPICIVS
759 547 937 584 GALBA.

248 638 307 645 -—
338 611 529 667 Sulpicia
558 608 760 652 Galbina.

252 706 306 711 —
337 679 544 721 Claudius
576 676 781 721 Galenus.

249 773 305 778 —
337 752 501 788 GALEO
534 751 815 787 TETTIENVS
844 749 1195 786 PETRONIANVS
1225 757 1261 788 v.
1292 743 1368 785 sub
1399 743 1602 786 Tettien-.

249 841 305 846 —
335 815 539 869 GAL(EO)
571 819 852 855 TETTIENVS
884 818 1108 855 SEVERVS
1139 826 1175 855 v.
1205 812 1281 853 sub
1308 812 1511 854 Tettien-.

251 909 302 914 —-
336 888 644 925 CALPVRNIVS
675 887 1009 923 GALERIANVS.

251 954 300 996 11
336 953 388 996 G.
412 951 612 994 Galerius
639 950 805 1005 (Γ[οίι]ος
833 948 1080 1007 Γ[α]λε[ριος]
1103 949 1180 1000 tit„
1212 948 1412 992 Galerius
1434 946 1574 1003 Plin.)
1604 946 1847 1003 praefectus
1867 946 2059 1002 Aegypti

335 1019 414 1062 sub
445 1019 622 1062 Tiberio
653 1019 716 1061 tit.
747 1018 1033 1073 Aeyyptiacus
1060 1016 1184 1060 OIG.
1214 1020 1322 1059 4711
1353 1017 1410 1072 (a.
1431 1016 1531 1071 21)‚·
1561 1015 1678 1058 Plin.
1701 1015 1740 1060 h.
1765 1029 1808 1058 n.
1829 1018 1896 1065 19,
1917 1017 1957 1057 3.

248 1114 307 1121 -—
337 1095 378 1130 G.
410 1094 575 1129 IVLIVS
607 1093 856 1128 GALERIVS
887 1092 1061 1130 ASPER.

248 1181 307 1187 —
336 1155 409 1211 [0.]
441 1162 607 1198 IVLIVS
640 1161 876 1198 OAMIles
908 1155 1173 1209 GAL[ER1vs
1203 1153 1393 1208 AsP]ER.

252 1227 305 1268 12
335 1231 388 1266 M.
411 1230 660 1266 GALERIVS
681 1230 932 1266 AVRELIVS
952 1229 1242 1265 ANTONINVS
1274 1223 1374 1279 imp.
1402 1221 1612 1264 Antonini
1640 1222 1709 1264 Pii
1739 1220 1852 1263 filius
1883 1219 1950 1263 VI
1964 1221 2058 1270 989,

335 1293 391 1336 Μ.
424 1293 612 1350 Γαλέριος
644 1291 896 1339 Ἀντωνεῒνος
926 1292 1212 1349 αὐτοκράτορος
1243 1290 1499 1334 Ἀντωνείνου
1539 1291 1620 1338 υἱός
1656 1303 1851 1333 nummus
1885 1288 2062 1342 oriyinis

334 1363 504 1416 iynotae
528 1376 596 1416 ap.
617 1361 790 1404 Eclchel.
815 1364 851 1411 7,
874 1363 944 1411 42,
974 1359 1114 1402 Cohen
1135 1360 1196 1402 eol.
1218 1363 1250 1403 2
1270 1360 1331 1402 II
1343 1374 1391 1414 p.
1412 1363 1493 1402 443
1502 1373 1516 1411 ,·
1545 1360 1592 1401 in
1617 1359 1742 1401 huius
1772 1357 1911 1400 altera
1931 1359 2062 1412 parte

337 1444 430 1472 eum
447 1431 505 1472 sit
523 1431 600 1473 θεὰ
622 1430 858 1482 Φαυστείνα,
888 1428 1052 1470 violetur
1072 1428 1316 1470 Antoninus
1339 1427 1410 1470 ille
1430 1431 1637 1483 superstes
1657 1427 1790 1481 fuisse
1809 1426 2060 1475 Faustinae,

335 1500 365 1543 i.
397 1513 430 1544 e.
459 1499 612 1541 vecisse
632 1501 733 1553 post
762 1512 802 1540 a.
823 1501 915 1540 141.
970 1497 1056 1540 Hie
1086 1500 1146 1539 est
1175 1497 1283 1539 alter
1314 1511 1366 1539 ex
1391 1496 1496 1551 siliis
1524 1496 1715 1538 maribus
1734 1495 1947 1538 Antonini
1974 1493 2060 1544 Pii,

335 1568 408 1610 vit.
440 1567 515 1609 Pii
538 1570 576 1618 1,
600 1570 638 1611 7.

254 1637 307 1678 13
338 1635 540 1680 Galerius
567 1634 749 1678 Crassus
780 1634 981 1677 tribunus
1007 1633 1193 1677 militum
1213 1634 1377 1677 Tiberii
1408 1633 1689 1690 temporibus,
1720 1633 1830 1675 Beta
1849 1630 2062 1687 cognomi-

336 1711 462 1746 natus
482 1703 599 1760 quod
619 1703 702 1745 hac
728 1703 864 1746 herba
892 1702 1077 1746 libenter
1096 1702 1355 1745 vescebatur
1375 1701 1642 1744 Ptolemaeus
1662 1700 1952 1756 Hephaestion
1969 1713 2061 1744 nov.

337 1773 435 1817 hist.
466 1787 535 1828 ap.
567 1772 775 1815 Photium
805 1771 904 1814 bibl.
936 1772 1024 1815 cod.
1046 1775 1127 1814 190
1158 1772 1223 1827 (p.
1245 1774 1324 1814 151
1354 1770 1504 1825 Bekk).

256 1842 309 1884 14
338 1847 588 1883 GALERIVS
619 1847 874 1894 MAXIMVS,
917 1839 1147 1896 proconsul
1176 1839 1375 1894 Africae,
1417 1854 1638 1882 successor
1667 1838 1842 1895 Aspasii
1871 1837 2061 1890 Paterni,

339 1911 480 1952 Tusco
503 1916 545 1951 et
566 1911 699 1951 Basso
723 1923 808 1952 cos.
831 1908 887 1963 (a.
910 1909 1012 1964 258)
1036 1909 1185 1963 passio
1213 1907 1423 1962 Cypriani
1442 1906 1615 1960 (Hartel
1627 1922 1675 1962 p.
1694 1907 1779 1950 CX
1788 1907 1887 1963 seq.)
1909 1909 1951 1949 2.
1967 1908 2007 1946 3.
2023 1907 2062 1948 4.

340 1979 540 2021 Decessit
569 1992 730 2034 paucos
761 1977 852 2018 dies
882 1983 980 2033 post
1009 1977 1270 2033 supplicium
1301 1976 1511 2033 Cypriani
1541 1976 1599 2030 (d.
1635 1977 1688 2018 14
1718 1975 1855 2031 Sept.)
1883 1974 1940 2016 ib.
1969 1987 2002 2017 e.
2023 1974 2062 2015 5.

255 2047 308 2090 15
339 2079 350 2089 .
369 2079 379 2088 .
398 2053 503 2090 ‚IVS
549 2052 797 2087 GALERIVS
850 2078 974 2089 .....
1020 2052 1252 2086 MAXIMVS
1300 2044 1519 2087 decemvir
1567 2044 1756 2086 stlitibus
1805 2040 2069 2095 iudicandis,

336 2121 539 2171 quaestor
566 2113 842 2167 kandidatus,
873 2113 1029 2156 flamen
1063 2113 1300 2156 Claudialis
1330 2113 1476 2155 titulus
1508 2112 1742 2155 Veliternus
1771 2112 1819 2155 X
1842 2113 1961 2154 6566.

255 2185 309 2226 16
338 2190 379 2226 Ρ.
412 2188 660 2239 GALERIVS
691 2188 986 2223 TRACHALVS
1018 2182 1094 2237 (sic
1123 2181 1290 2236 fistulae
1320 2182 1526 2235 aquariae
1556 2196 1624 2236 ap.
1656 2181 1941 2223 Lancianium
1968 2178 2062 2233 Syll.

340 2266 405 2305 aq.
446 2265 487 2293 n.
523 2253 605 2293 586
647 2253 686 2292 et
731 2250 831 2292 bull.
875 2265 988 2294 mun.
1034 2253 1144 2292 1880
1176 2265 1225 2305 p.
1260 2253 1368 2301 326,
1414 2249 1615 2294 Galerius
1659 2248 1900 2292 Trachalus
1950 2247 2061 2298 Tac„

341 2319 580 2362 Trachalus
615 2319 780 2372 Quint.,·
823 2319 871 2360 in
910 2319 1130 2360 consulatu
1171 2319 1219 2362 P.
1261 2318 1468 2361 Galerius.
1502 2317 1741 2361 Trachalus
1776 2317 1844 2360 VI
1869 2319 1979 2359 8639
2009 2335 2071 2351 -—··

339 2388 387 2431 Χ
414 2391 532 2438 6637,
566 2420 575 2429 .
595 2422 604 2431 .
637 2387 838 2430 Galerius
868 2387 1107 2429 Trachalus
1138 2387 1206 2429 VI
1226 2390 1346 2437 1984,
1378 2387 1424 2429 X
1441 2389 1562 2438 5405,
1596 2386 1798 2430 Galerius
1824 2383 2070 2427 Trachalus

338 2457 540 2499 Frontin.
564 2470 629 2509 aq.
646 2459 743 2506 102,
766 2455 1004 2497 Trachalus
1026 2455 1134 2497 alibi
1141 2468 1154 2507 ,·
1175 2469 1316 2498 errore
1336 2455 1524 2509 Prosper
1543 2455 1631 2497 loeo
1653 2456 1741 2497 eius
1769 2453 2071 2509 Turpilianum·

337 2525 540 2575 nominat,
572 2528 760 2579 repetens
788 2538 938 2566 nomen
967 2524 1149 2566 consulis
1179 2525 1285 2566 anni
1308 2527 1384 2575 61;
1414 2523 1695 2570 Τολπιλλιανὸς
1725 2525 1746 2566 ὁ
1775 2524 1841 2565 καὶ
1863 2521 2066 2579 Τρόχελος

343 2593 539 2635 Malalas
568 2592 638 2636 lib.
661 2596 714 2634 10
737 2607 784 2647 p.
806 2595 922 2649 257).
973 2592 1136 2635 Consul
1166 2592 1410 2635 ordinarius
1440 2592 1479 2634 a.
1501 2593 1555 2635 68
1587 2607 1685 2635 cum
1715 2592 1781 2634 Ti.
1802 2591 1926 2634 Catio
1958 2589 2065 2634 Silio
2139 2582 2145 2590 ⁸

338 2661 489 2704 Italico
520 2661 638 2715 fasti.
698 2660 938 2703 Causarum
968 2667 1087 2704 actor
1125 2675 1212 2702 non
1250 2660 1466 2703 inceleber
1492 2660 1667 2714 Quintil.
1697 2663 1772 2711 12,
1802 2662 1849 2711 5,
1879 2661 1919 2702 5.
1950 2661 1978 2701 6
2006 2658 2062 2712 ef.

341 2743 375 2771 c.
405 2733 472 2780 10,
504 2732 579 2780 11,·
618 2743 669 2771 ex
707 2729 945 2771 actionibus
984 2730 1072 2771 eius
1111 2732 1260 2771 eontra
1300 2728 1507 2783 Spatalen
1543 2728 1751 2771 nonnulla
1787 2728 1919 2782 refert
1955 2726 2066 2769 idem

341 2800 382 2848 8,
413 2801 452 2848 5,
483 2801 549 2848 19,
582 2811 674 2839 eum
704 2798 809 2840 citat
829 2801 1056 2852 praeterea
1086 2801 1124 2848 6,
1152 2801 1192 2848 3,
1225 2800 1290 2841 78.
1350 2797 1500 2840 Genus
1531 2797 1734 2839 orationis
1763 2797 1858 2838 eius
1868 2828 1879 2851 ‚
1917 2801 2066 2851 aptum

343 2865 397 2907 ad
428 2865 666 2922 implendas
697 2865 844 2923 populi
876 2881 1002 2909 aures
1035 2872 1077 2908 et
1100 2872 1253 2908 tonans
1279 2866 1377 2910 Tac.
1399 2865 1440 2908 h.
1461 2869 1500 2916 1,
1522 2869 1589 2909 90.
1635 2864 1796 2908 Othoni
1818 2863 2066 2922 imperatori

342 2931 598 2977 credebatur
627 2936 841 2978 orationes
872 2950 1128 2992 componere
1156 2936 1214 2977 ib.
1270 2936 1379 2977 Postv
1404 2935 1631 2976 victoriam
1661 2933 1826 2977 Vitellii
1857 2933 2065 2975 adversus

345 3003 618 3046 criminantes
656 3011 873 3060 protectus
913 3020 939 3046 a
970 3003 1134 3047 Vitellii
1176 3001 1313 3046 uxore
1352 3002 1530 3047 Galeria
1564 3003 1619 3047 ib.
1650 3002 1703 3053 2,
1735 3002 1809 3045 60.
1859 3001 2064 3044 Fortasse

345 3070 402 3112 ad
442 3071 550 3113 hunc
602 3076 762 3126 spectat
810 3073 1092 3127 fraymentum
1136 3071 1344 3126 quoddam
1391 3071 1680 3125 inscriffiionis
1731 3069 2066 3112 Mediolanensis
2104 3121 2112 3134 Ι

346 3138 415 3191 (V
443 3143 585 3197 5812),
626 3141 672 3183 in
710 3156 789 3195 quo
830 3156 879 3184 ex
917 3142 1083 3184 nomine
1127 3141 1326 3183 honorati
1367 3139 1602 3183 Trachalus
1641 3142 1803 3181 tantum
1843 3151 2066 3193 cognomen

344 3212 554 3251 servatum
593 3213 675 3261 est,·
713 3210 761 3252 iol
794 3211 835 3252 si
867 3210 932 3252 ita
962 3213 1032 3261 est,
1063 3209 1266 3253 Galerius
1300 3208 1535 3252 Trachalus
1564 3209 1650 3262 fuit
1679 3211 1776 3250 ante
1805 3206 2066 3250 consulatum

346 3277 541 3319 tribunus
563 3277 702 3332 plebis
731 3282 770 3320 et
790 3281 982 3333 praetor,
1005 3281 1158 3333 postea
1178 3277 1410 3332 proconsul
1428 3276 1622 3330 Africae,
1646 3279 1874 3331 praeterea
1893 3278 2065 3330 septem-

343 3346 408 3386 vir
442 3346 676 3399 epulonum,
707 3347 805 3389 item
826 3350 1039 3401 patronus
1069 3345 1466 3389 Mediolanensium.
2018 3358 2023 3359 ⁷

262 3414 313 3456 17
345 3420 565 3455 GALERIA
594 3415 644 3456 L.
667 3414 709 3469 f.,
743 3415 790 3458 O.
814 3416 956 3457 Pontii
977 3415 1075 3458 Rufi
1095 3415 1345 3472 quaestoris,
1377 3413 1527 3456 aedilis
1557 3412 1695 3470 plebis
1718 3428 1828 3456 uxor
1858 3412 1926 3455 VI
1938 3413 2059 3457 1498.
